3050 5025
638 350 678 414 47

131 557 170 621 In
199 578 325 643 papyro
347 557 510 643 Aegyptio
539 557 713 625 vetustiore
742 562 885 623 mutuum
913 563 1041 623 sumunt
1067 556 1262 623 frumentum

46 660 201 742 coniuges
225 659 298 745 duo,
322 659 377 744 qui
399 662 554 727 bonorum
569 660 798 727 communione
819 661 867 725 uti
888 660 1038 727 videatur
1051 662 1083 744 ¹).
1127 662 1169 725 bt
1193 661 1259 727 alio

45 761 117 827 loco
140 762 294 845 legimus:
329 763 422 850 μέχρι
444 764 479 828 δὲ
500 762 609 829 τούτου
640 771 773 830 συνεῖναι
801 759 903 841 αὐτοῖς
931 761 1073 850 ιῖιςόἰνηρ
1095 766 1151 828 καί
1171 762 1259 849 γυνη,

45 863 251 952 νυριευοιίσης
273 873 361 953 κοινῇ
384 873 444 933 τῶν
466 864 669 953 ὑπαρχόντων
680 866 712 950 ²).
758 864 959 950 Quamquam
987 868 1021 933 in
1048 867 1114 935 illis
1143 867 1261 933 litteris

42 970 122 1032 anni
150 970 200 1054 pO
222 968 382 1038 OCOLIV.
406 972 515 1038 uxoris
537 970 636 1037 solius
659 990 771 1037 servus
794 977 853 1037 est.

196 1218 230 1291 Β.
267 1220 310 1291 be
334 1222 403 1291 lure
425 1222 507 1308 quod
529 1222 570 1292 ad
593 1222 746 1309 carentes
770 1221 951 1308 liberosque
974 1223 1114 1309 spectat.
1141 1322 1144 1325 ἢ

42 1366 80 1435 1.
137 1358 280 1450 Quam
318 1361 454 1437 filiae
493 1360 758 1437 vendendae
798 1373 1077 1461 potestatem
1124 1373 1262 1462 pater

565 1483 747 1558 habeat

130 1638 372 1723 Antiquissimis
404 1640 601 1726 temporibus
634 1644 726 1705 tanta
755 1646 825 1705 erat
858 1644 890 1704 et
917 1639 1005 1725 apud
1033 1640 1194 1706 Romanos
1228 1646 1260 1705 et

39 1740 133 1827 apud
149 1741 292 1809 Graecos
307 1744 414 1828 patria
429 1748 583 1829 potestas,
607 1748 641 1808 ut
656 1742 753 1808 etiam
776 1744 836 1809 sub
852 1762 970 1808 corona
986 1743 1105 1809 liberos
1120 1742 1259 1809 vendere

39 1844 129 1929 patri
168 1845 309 1911 familias
346 1845 469 1912 liceret.
528 1844 625 1931 Apud
657 1845 865 1911 Plutarchum
903 1845 1032 1928 quidem
1043 1845 1066 1928 3)
1105 1846 1258 1929 legimus:

38 1948 156 2012 πολλοί
179 1949 290 2013 δὲκαὶ
316 1949 431 2026 παῶας
458 1948 550 2026 ἰδίους
578 1946 793 2035 ἠναγκάζοντο
814 1947 939 2014 πωλεῖν·
962 1946 1062 2026 οὐδεὶς
1083 1947 1143 2034 γὰρ
1165 1947 1258 2033 νόμος

37 2049 173 2116 ἐκώλυε.
217 2051 265 2117 Ao
287 2051 407 2117 Thebis
430 2057 522 2137 pater
544 2051 637 2137 inops
659 2053 905 2135 magistratuum
933 2052 1161 2118 intercessione
1183 2071 1261 2116 usus

36 2155 165 2220 liberos
203 2153 344 2219 vendere
382 2160 510 2239 poterat
521 2154 553 2237 ⁴).
609 2154 652 2219 At
691 2155 752 2220 hoc
785 2156 913 2223 Solonis
948 2156 1075 2239 legibus
1110 2160 1260 2222 vetantur

36 2257 268 2341 Athenienses,
291 2258 353 2323 alsi
369 2256 467 2323 filiam
483 2258 555 2341 quis
569 2257 602 2321 in
618 2263 728 2342 stupro
744 2258 797 2323 vel
813 2278 954 2325 sororem
970 2257 1259 2345 deprehenderit⁵).

35 2360 159 2425 Frater
181 2360 305 2425 scilicet
327 2381 390 2425 non
413 2359 512 2426 habet
533 2360 595 2425 nisi
616 2364 718 2445 patris
734 2362 806 2427 loco
829 2362 945 2428 mortui
968 2382 1040 2428 eam
1055 2366 1257 2447 potestatem.

36 2463 201 2529 Videntur
216 2470 323 2530 autem
339 2463 501 2548 quondam
516 2463 600 2530 filias
616 2483 806 2548 sororesque
820 2465 1033 2532 Athenienses
1047 2465 1099 2531 vel
1118 2463 1258 2531 universi

35 2567 161 2633 Graeci
182 2567 322 2633 vendere
344 2567 441 2653 soliti,
465 2587 536 2634 cum
558 2587 664 2636 mares
686 2568 827 2635 vendere
849 2569 914 2636 iam
936 2591 1000 2636 non
1022 2569 1152 2636 licebat.

37 2743 76 2816 2.
102 2741 168 2816 De
185 2741 349 2818 liberis
368 2768 561 2842 quorum
578 2753 798 2842 parentes
815 2742 934 2819 haud
953 2746 1043 2820 sint
1061 2743 1259 2819 eiusdem

554 2864 745 2946 ordinis.

127 3001 248 3084 Liberi,
282 3023 362 3086 quos
395 3003 466 3087 quis
499 3003 611 3087 genuit
643 3022 661 3068 e
689 3002 823 3067 muliere
855 3022 919 3067 non
953 3003 1096 3069 eiusdem
1125 3003 1258 3088 ordinis,

35 3111 210 3192 patremne
233 3126 275 3173 an
308 3112 443 3172 matrem
475 3113 651 3190 sequuntur
683 3105 786 3171 auin
815 3105 1006 3171 deteriorem
1028 3127 1154 3194 semper
1175 3108 1259 3174 sieut

37 3208 131 3295 apud
154 3209 331 3276 Germanos
353 3216 479 3295 partem
502 3209 647 3277 abeunt?
690 3209 827 3275 Omnino
860 3209 1064 3277 matrimonia
1090 3211 1174 3277 inter
1203 3231 1258 3277 eos

130 3414 152 3486 1)
187 3417 334 3487 Leemans,
352 3417 414 3487 Pap
431 3418 549 3488 Lugdun
567 3417 589 3486 I,
606 3418 670 3471 411:
690 3415 825 3486 „tradidit
836 3415 903 3470 mihi
915 3417 1145 3472 commentarium
1157 3423 1257 3474 contra

36 3502 298 3573 Chenephuibidem
324 3504 401 3559 Eriei
427 3503 512 3559 filium
537 3509 566 3559 et
582 3504 664 3559 huius
687 3519 804 3558 uxorem
826 3503 1021 3558 Ilarmotidem
1043 3503 1149 3560 Pasitis
1171 3504 1257 3561 filiam

37 3591 76 3646 de
96 3607 132 3647 eo
152 3591 229 3660 quod
247 3590 384 3646 debentes
401 3592 456 3661 ipsi
476 3591 629 3646 secundum
648 3595 825 3647 contractum
843 3596 889 3646 etc
905 3607 962 3646 non
980 3591 1102 3646 reddant
1120 3591 1197 3648 has.“

128 3677 151 3748 ¹)
187 3677 303 3734 Notiues
323 3683 352 3734 et
370 3679 488 3760 extruite
506 3679 610 3749 XVIII,
622 3679 638 3732 2
650 3679 676 3735 N
689 3679 735 3733 13:
755 3678 950 3734 cfrDarestel
961 3679 978 3734 l.
992 3709 1025 3718 -
1039 3678 1060 3747 ⁸)
1072 3679 1146 3748 Plut‚
1156 3679 1206 3735 Sol
1216 3681 1257 3737 13.

132 3765 155 3832 ⁴)
191 3765 255 3835 Ael,
273 3766 326 3823 VH
343 3767 379 3836 II,
398 3768 427 3822 7:
456 3762 513 3820 ἀλλ’
535 3767 581 3820 ἐὰν
598 3766 616 3834 ᾖ
634 3770 715 3834 πένης
734 3769 762 3830 ἐς
780 3767 814 3819 τοὶ
832 3769 933 3834 ἔσχατα
951 3763 966 3817 ὁ
984 3769 1031 3819 τοῦ
1048 3767 1143 3830 παιδὸς
1160 3768 1258 3836 πατὴρ,

38 3858 96 3906 εἴτε
121 3851 202 3920 ἄρβεν
230 3857 309 3906 τοῦτο
332 3858 385 3906 εἶτε
406 3854 478 3922 θῆλύ
502 3857 577 3920 ἐστιν,
601 3857 644 3906 ἐπί
666 3855 715 3917 τοὶς
733 3849 821 3920 ἀρχάς
843 3857 960 3921 κομίζειν
978 3857 1006 3917 ἐξ
1024 3849 1122 3907 ὠδίνων
1138 3857 1190 3906 τῶν
1208 3871 1257 3921 μη-

36 3941 131 4008 τρῴων
153 3942 198 3993 σὺν
225 3947 280 4005 τοῖς
303 3941 465 4009 σπαργάνοις
489 3934 566 3994 αὐτό·
590 3945 618 3992 αἱ
641 3943 671 3992 δὲ
692 3943 897 4007 παραλαβοῦσαι
923 3936 1092 3993 ἀποδίδονται
1108 3940 1138 3992 τὸ
1159 3943 1256 4007 βρέφος

37 4031 74 4094 τῷ
103 4029 180 4096 τιμὴν
207 4030 348 4096 ἐλαχίστην
372 4029 450 4082 δόντι.
474 4027 559 4096 ῥήτρα
587 4045 616 4080 τε
638 4027 706 4094 πρὸς
728 4021 809 4080 αὐτὸν
832 4031 880 4080 καί
897 4024 1028 4094 ὁμολογία
1051 4026 1184 4095 γίνεταιῆ
1204 4029 1255 4095 μην

37 4120 144 4182 τρέφειν
171 4115 200 4167 τὸ
229 4118 325 4182 βρέφος
348 4119 395 4168 καί
419 4111 536 4184 αὐξηθὲν
558 4117 627 4183 ἔχειν
651 4115 747 4167 δοῦλον
769 4113 788 4182 ἠ
812 4113 917 4182 δούλην,
940 4113 1089 4183 θρεπτήρια
1108 4109 1189 4168 αὐτοῦ
1207 4114 1256 4182 την

38 4199 183 4271 ὑπηρεσίαν
200 4201 375 4268 λαμβάνοντα.

129 4289 150 4358 ⁶)
185 4289 251 4344 Plut
269 4288 318 4344 Sol
336 4289 385 4344 23:
422 4291 573 4359 θυγατέρας
596 4291 692 4343 πιυλτῖν
714 4290 763 4342 καί
780 4283 909 4355 ἀδελφάς,
927 4287 961 4341 ἄν
977 4287 1046 4356 λαβη
1064 4305 1104 4353 τις
1121 4289 1254 4356 παρθένον

39 4370 114 4444 ἀνδρί
132 4381 365 4446 συγγεγενημένην.
