3050 5025
644 343 663 405 9

553 434 754 441 ..--·.—...-.-.-.-...

49 549 79 613 si
99 556 175 635 post
196 550 303 616 mariti
325 556 459 615 mortem
482 556 538 615 aut
560 548 697 617 divortio
719 550 806 617 facto
828 552 862 616 in
884 570 976 615 suam
998 549 1154 615 familiam
1169 548 1263 632 redit,
1349 617 1353 624 ,

47 652 215 736 proximus
248 672 366 736 genere
399 652 503 719 denuo
530 659 617 718 tutor
644 652 725 739 fit¹):
760 654 810 719 sin
837 660 945 719 autem
972 654 1006 717 iu
1034 652 1128 718 domo
1157 652 1264 717 mariti

46 754 165 820 mortui
186 753 286 820 vidua
307 762 426 839 manet,
450 756 483 820 in
504 754 641 820 filiorum
664 758 801 822 tutelam
823 756 969 842 pervenit
991 756 1101 820 autin
1124 755 1192 820 eius
1207 754 1262 836 qui

47 857 215 941 epitropos
237 857 326 942 est2).
348 893 390 905 -
411 858 461 922 De
484 859 579 924 rebus
601 859 851 949 Atheniensibus
873 859 1038 925 hactenus.

134 977 276 1062 Amorgi]
307 977 340 1041 in
368 978 475 1043 insula
501 978 612 1045 Ionica
639 968 766 1044 mulieri
791 985 914 1065 nuptae
940 979 1025 1045 alins
1051 978 1163 1063 kyrios
1191 998 1263 1045 esse

47 1100 88 1144 ac
111 1079 246 1145 maritus
267 1078 459 1145 Thalbeimo
481 1078 647 1166 videtur³)‚
671 1082 725 1165 qui
747 1082 849 1147 titulis
871 1082 982 1147 nititur
1004 1081 1143 1148 duobus:

77 1196 172 1283 Ὅρος
198 1200 343 1285 χωρίων·
360 1220 368 1235 ·
386 1220 419 1239 ··
441 1222 487 1285 ρει
519 1205 574 1266 καί
607 1203 705 1280 οἰκίας
733 1205 789 1267 καί
816 1201 952 1288 κίηπων)
978 1202 1039 1268 τῶν
1072 1201 1261 1279 Ξενοκλέους

90 1303 166 1385 τῶ(ν
186 1302 348 1389 κει)μένων
371 1304 409 1389 έμ
431 1302 603 1391 Φυλινχείᾳ
625 1308 679 1369 καί
705 1312 766 1371 τῶν
794 1306 978 1392 έπικυρβίων
1006 1304 1160 1391 ἐνεχύρων
1187 1304 1262 1370 ὑπο-

88 1404 237 1490 κειμένων
249 1405 520 1493 συνεπιχωρούσης
533 1415 590 1494 τῆς
603 1407 748 1495 γυναικὸς
762 1406 999 1494 Ἐρατοκροίτης
1014 1411 1068 1472 καί
1082 1415 1137 1474 τοῦ
1151 1408 1260 1492 κυρίου

87 1507 285 1593 Βρουκίωνος
316 1510 395 1594 τῶίι)
419 1509 554 1596 έροίν(ω)ι
579 1515 635 1576 καί
658 1505 863 1598 Ἀρισταγόρᾳ
890 1512 934 1597 τῷ
961 1510 1125 1597 ἀρχεροίνῳ
1147 1514 1202 1575 καί
1222 1514 1261 1596 τη

87 1613 212 1697 γυναικί
243 1610 338 1677 αὐτοῦ
366 1635 439 1698 εχεν
472 1614 603 1701 (έχεινί)
636 1614 713 1699 πρὸς
744 1614 801 1700 την
835 1613 949 1700 ἐγγύαν
982 1612 1021 1701 ἣν
1050 1612 1260 1700 ’έχίροίψαί)το

86 1712 248 1800 Ξενοκλῆν
285 1722 339 1781 τοῦ
380 1716 509 1801 ἐροίνο(υ
548 1716 592 1801 δν)
626 1717 784 1797 συνέλεξεν
813 1715 1045 1802 Ἀρισταγόρης
1077 1714 1173 1799 κα)τὰ
1208 1714 1282 1787 τὸνΙ

85 1815 180 1903 νόμον
201 1818 262 1883 τῶν
284 1816 517 1903 &pomponi

80 1932 162 2000 Ἐπ’
179 1936 331 2022 ἄρχοντος
345 1938 569 2023 Φανοκροίτους
584 1939 679 2027 μηνὸς
696 1934 957 2027 Ἀνθεστηριῶνος
971 1938 1106 2005 ἀπέδοτο
1121 1938 1260 2025 Νικήρα-

85 2060 140 2116 τος
162 2040 217 2103 καί
233 2034 416 2127 Ἦγεκροίτη
440 2045 495 2106 καί
518 2040 534 2106 ὅ
549 2042 656 2128 κύριος
671 2042 836 2121 Τελένικος
850 2043 1047 2128 Κτησιφῶντι
1061 2042 1109 2107 Πυ
1126 2062 1133 2078 ·
1150 2063 1158 2077 ·
1176 2063 1183 2077 ·
1199 2065 1259 2108 που

84 2142 126 2206 τὰ
159 2142 261 2228 χωρία
283 2146 338 2207 καί
359 2135 415 2229 την
438 2145 538 2210 οἰκίαν
559 2146 613 2209 καί
634 2143 686 2212 τὸν
708 2145 847 2232 κέραμον
868 2144 969 2212 πάντα
992 2144 1013 2209 ἃ
1035 2147 1102 2231 ἔχει
1124 2144 1261 2231 διελόμε-

84 2266 138 2321 νος
170 2242 350 2332 Νικηρατος
381 2248 458 2331 πρὸς
486 2246 538 2314 τὸν
566 2246 702 2333 ἀδελφὸν
730 2241 867 2333 Ἀνοίνην
896 2247 936 2335 (i)
969 2246 1089 2313 καὶτὰ
1115 2247 1262 2334 χωρίαοῖ

88 2347 219 2431 ἐπρίατο
252 2347 432 2436 Νικήρατος
463 2349 535 2436 παρ’
564 2349 776 2437 Αίσχυρίωνος
809 2350 932 2417 ἅπαντα
964 2354 1018 2415 καί
1044 2351 1084 2416 τὰ
1111 2351 1213 2437 χωρία
1242 2349 1263 2414 οἳ

87 2452 158 2537 ἔχει
180 2450 311 2539 θέμενος
332 2452 510 2540 Νικήρατος
530 2452 617 2540 παρὰ
636 2452 829 2534 Ἐξακέστου
853 2452 974 2521 ἅπαντα
997 2454 1144 2541 ἀργυρίου
1165 2455 1263 2541 δραχ-

86 2562 154 2640 μῶν
186 2557 443 2644 πεντακισχιλίων
477 2559 527 2622 ἐπὶ
555 2556 650 2622 λύσει.
679 2557 825 2623 ὑποτελεῖ
851 2560 886 2622 δέ
913 2559 1062 2648 μίσθωμα
1085 2557 1263 2643 Νικήρατος

85 2657 284 2744 Κτησιφῶντι
305 2659 381 2725 καθ’
406 2663 538 2740 ἕκαστον
560 2660 696 2727 ἐνιαυτὸν
718 2662 862 2748 δραχμὰς
875 2662 1089 2749 [πεντακοσίας
1103 2661 1261 2755 ἀτελεῖςί).

42 2796 77 2861 Si
118 2796 180 2862 hoe
219 2818 295 2864 vere
334 2797 476 2884 dicatur,
514 2799 608 2882 quasi
641 2799 778 2864 liberum
814 2801 1050 2865 matrimonium
1085 2819 1262 2883 agnoscen-

43 2900 121 2964 dum
151 2900 221 2984 erit,
251 2901 334 2967 sicut
363 2909 395 2966 et
423 2900 510 2988 apud
539 2903 701 2968 Romanos
727 2902 916 2987 posterioris
943 2903 1097 2988 temporis
1120 2909 1151 2967 et
1173 2900 1262 2988 apud

42 3002 224 3068 Germanos
257 3009 359 3089 nupta
390 3004 423 3068 in
453 3025 512 3070 sua
539 3005 641 3091 ipsius
669 3004 795 3070 familia
817 3025 1007 3090 permanere
1029 3011 1151 3091 potest:
1173 3002 1263 3090 apud

42 3105 223 3172 Germanos
252 3108 380 3190 quidem
407 3107 440 3171 in
469 3107 600 3173 mundio
629 3107 731 3193 patris
753 3113 810 3173 ant
831 3109 969 3193 proximi
990 3127 1119 3193 genere,
1141 3109 1263 3174 Romae
1365 3155 1368 3160 -

43 3217 155 3275 antem
187 3209 222 3273 in
253 3210 357 3295 patris
390 3231 503 3276 manu:
540 3230 604 3301 qua
638 3211 665 3276 si
693 3210 745 3276 vel
780 3211 1041 3296 emancipatione
1073 3211 1126 3275 vel
1158 3210 1262 3297 patris

40 3317 146 3377 morte
157 3311 297 3378 liberata
309 3319 367 3397 est,
380 3313 500 3379 femina
511 3313 562 3379 sui
575 3314 654 3379 iuris
669 3312 705 3378 fit
711 3311 743 3394 6).
776 3315 929 3379 Attamen
941 3313 975 3377 in
989 3313 1129 3380 Graecia
1143 3333 1261 3379 novum

41 3416 104 3481 hoc
138 3421 171 3480 et
203 3413 384 3482 inauditum
419 3421 468 3482 est
501 3435 602 3499 coque
634 3415 739 3500 magis
772 3415 986 3481 refellendum
1014 3416 1103 3498 quod
1127 3422 1262 3498 uterque

40 3519 209 3585 titulorum
231 3518 327 3585 aliter
349 3519 469 3603 optime
491 3519 687 3605 explicatur:
711 3519 758 3585 cfr
780 3540 802 3604 p
824 3520 866 3584 38
889 3526 922 3585 et
942 3519 994 3585 51.

133 3830 158 3896 ¹)
195 3828 245 3883 Ofr
262 3827 371 3898 Antiqu
389 3825 487 3884 fouens
505 3847 523 3899 p
544 3830 577 3884 10
594 3829 683 3885 adnot
702 3831 725 3883 1.

129 3917 153 3987 ²)
189 3916 293 3972 ibidem
311 3916 400 3972 adnot
417 3917 441 3970 2.
462 3949 492 3957 -
514 3918 536 3985 ⁸)
571 3917 678 3972 ibidem
696 3918 786 3972 adnot
805 3919 828 3970 1.

129 4006 153 4074 ⁴)
187 4000 388 4073 Ἀρχαιολογιλη
420 4009 548 4074 έρημερίς
575 4005 650 4075 1862,
676 4021 695 4073 p
723 4005 756 4056 77
785 4027 815 4050 =
839 4002 972 4067 Foucart,
994 4001 1053 4056 Des
1072 4003 1261 4057 associatione

43 4093 213 4163 religieuscs
230 4092 256 4148 N
274 4092 316 4145 45.

132 4179 152 4248 ⁶)
187 4178 381 4247 Mitteilungen
401 4178 420 4233 d
437 4178 556 4234 deutscb
574 4177 730 4246 arcbdolog
748 4177 832 4231 Instit
850 4175 944 4231 Athen
961 4176 984 4244 Ι,
1001 4193 1020 4244 p
1038 4174 1090 4229 346
1107 4199 1135 4221 =
1150 4176 1260 4230 Dittcn·

42 4269 158 4336 berger,
178 4264 293 4335 Sylloge
310 4265 336 4320 N
354 4265 414 4320 438.

131 4354 153 4424 ⁶)
188 4351 343 4419 Labandp
364 4353 421 4406 174.
