3050 5025
781 336 983 435 415„-

277 538 432 626 γυναικός,
465 562 694 625 nonnunquam
721 544 776 606 aul
802 534 879 627 ὑπὲρ
907 548 961 607 τοῦ
990 542 1106 629 πατρός
1132 548 1194 609 eto.
1206 543 1238 622 ¹).
1289 542 1498 609 communio

279 663 393 708 namne
423 645 612 729 coniugibus
638 646 704 711 illis
733 665 804 712 esse
832 647 987 712 bonorum
1014 645 1221 732 putabimus?
1253 645 1339 730 Ergo
1366 644 1498 727 siquis

276 747 347 814 looo
371 748 632 835 propinquorum,
666 748 720 832 qui
748 747 853 815 adulti
880 748 945 814 iam
972 756 1004 816 et
1025 768 1103 815 suae
1126 747 1295 834 potestatis
1317 753 1401 831 sunt,
1436 767 1497 831 pe·

278 852 405 917 orniam
428 851 494 937 dat,
518 852 627 919 aliena
649 852 741 936 fungi
762 852 834 917 vioe
856 852 1045 919 statuendus
1068 853 1137 936 erit,
1162 852 1258 941 etiam
1281 850 1334 933 qui
1352 870 1410 935 pro
1426 870 1495 915 avo

184 1030 185 1033 Ἴ
275 973 356 1038 puer
378 953 481 1038 dat²t
525 954 569 1019 At
591 961 640 1021 est
660 954 695 1018 in
716 954 801 1020 tituli
823 953 939 1020 Rhodii
961 962 1055 1042 parte
1082 970 1124 1041 ἦε

313 1074 481 1161 Ἑκαταῖος
503 1082 626 1148 Ζωΐλου
648 1085 702 1148 καὶ
724 1081 800 1168 ὑπὲρ
822 1090 883 1149 τῶν
905 1084 1034 1150 παιδίων
1055 1086 1110 1149 καὶ
1130 1089 1185 1162 τᾶς
1206 1079 1350 1168 γυναικὸς
1368 1080 1413 1166 X,

277 1190 309 1250 et
331 1205 402 1250 oum
429 1192 564 1269 utroque
593 1192 762 1272 parentum
790 1187 962 1273 superstite
990 1187 1136 1253 fortunas
1162 1188 1234 1272 ipse
1260 1186 1380 1252 habere
1408 1204 1495 1270 puer

278 1294 428 1373 nequeat,
460 1288 596 1353 utillud
618 1286 694 1373 ὑπὲρ
717 1295 771 1353 τοῦ
795 1291 891 1368 δεῖνος
913 1291 1008 1355 aliter
1036 1291 1116 1357 alibi
1142 1290 1368 1373 intellegamus
1390 1308 1494 1353 unum

276 1391 475 1475 relinquitur,
501 1392 619 1478 partim
642 1391 682 1457 de
706 1411 743 1458 eo
767 1393 820 1475 qui
843 1394 913 1458 vioe
936 1392 1045 1459 aliena
1065 1394 1226 1478 fungatur,
1255 1392 1373 1479 partim
1397 1427 1439 1438 -
1464 1391 1493 1456 si

277 1493 425 1560 dicuntur
453 1515 533 1559 uxor
560 1495 717 1577 liberique
746 1532 787 1543 —
816 1494 857 1561 de
880 1516 918 1561 eo
941 1496 996 1579 qui
1018 1517 1059 1561 ex
1087 1496 1246 1563 oomrnuni
1273 1515 1308 1560 re
1334 1493 1493 1559 familiari

277 1597 399 1681 aliquid
422 1598 577 1664 conferat.
621 1598 707 1664 Certi
735 1598 832 1682 igitur
860 1599 939 1663 nihil
968 1600 1096 1684 seimus,
1129 1619 1204 1666 num
1233 1598 1320 1685 apud
1342 1596 1491 1663 Rhodios

278 1707 310 1765 et
332 1701 546 1786 Calymnaeos
569 1707 601 1766 et
623 1701 754 1768 Cnidios
778 1709 811 1767 et
825 1702 1020 1788 Smyrnaeus
1041 1722 1101 1769 sua
1122 1704 1207 1768 bona
1230 1703 1263 1766 in
1284 1701 1490 1767 matrimonio

275 1824 356 1869 uxor
384 1804 559 1869 retinuerit.
587 1843 630 1852 -
657 1805 707 1869 De
734 1805 828 1871 titulo
856 1806 1107 1872 oonseorationis
1128 1805 1267 1891 Mylasio
1296 1823 1395 1890 supra
1422 1802 1491 1868 iarn

276 1907 377 1973 verba
409 1906 542 1972 fecimus
575 1906 608 1971 in
635 1907 731 1991 p2‘l.
776 1906 863 1974 Nihil
891 1927 967 1973 vero
1002 1908 1138 1974 efficitur
1171 1927 1211 1973 ex
1242 1906 1344 1972 titulis
1376 1926 1491 1970 manu·

276 2009 461 2075 missionum
483 2008 696 2094 Dionysopoli
718 2008 751 2073 in
774 2008 895 2094 oppido
917 2008 1079 2094 Phrygiae
1106 2011 1252 2095 repertis,
1287 2009 1340 2092 qui
1369 2009 1491 2074 aetatis

275 2113 440 2178 Romanae
463 2111 586 2197 sunt³):
621 2130 681 2177 neo
708 2112 782 2197 plus
810 2131 850 2177 ex
878 2111 1085 2198 inscriptione
1112 2113 1248 2199 Bospori
1271 2112 1454 2180 Cimmerici
1466 2112 1490 2196 ⁴)

318 2229 542 2308 Βασιλοῦοντος
565 2230 714 2317 βασιλέως
737 2231 829 2315 [Σαο-

320 2334 456 2421 ρομάτου
478 2334 710 2420 Φιλοκαίσαρος
730 2337 787 2398 καὶ
808 2334 902 2399 Φιλο-

321 2437 459 2526 populeo
480 2435 647 2525 Εὐσεβοῦς,
671 2439 757 2517 ἔτους
780 2435 875 2525 μηνὸς

318 2541 475 2608 Δαεισίοο.
499 2539 684 2626 εωτησμαςῖ
707 2543 762 2606 καὶ
782 2540 910 2626 Παρθε-

318 2651 528 2730 νουχρηστοῦς
549 2642 676 2709 Κοσσοῦ
698 2642 877 2729 Μενάνδρου

317 2750 372 2812 καὶ
393 2747 471 2832 γννή
494 2745 723 2834 Χηματαέριαῗ
746 2740 909 2833 ἀνέθηκαν

319 2848 505 2915 Θάλλουσαν
526 2847 667 2934 θρεπτήν
688 2846 776 2934 ἡμῶν
797 2849 970 2936 ναιο(ἳ)υρι-

232 3033 234 3037 ι
286 3014 290 3022 ,
320 2974 377 3018 σαν
400 2953 450 3017 ἐπὶ
470 2958 647 3038 παραμονῇ,
670 2951 748 3039 μετὰ
770 2953 806 3016 δὲ
827 2951 883 3038 τήν
906 2953 988 3037 [sso-

318 3054 373 3141 ἠ]ν
394 3054 482 3142 ἡμῶν
504 3049 592 3142 ἡμῶν
615 3056 690 3121 εἶναι
712 3052 809 3138 αὐτὴν
831 3055 957 3119 treats·

320 3161 388 3245 ρα]ν
409 3157 469 3223 ὑπὸ
490 3157 558 3242 Δία,
580 3158 654 3243 Γῆν,
670 3156 786 3241 Ἥλιον,
810 3154 984 3245 ἀνεπάφη[ν
1026 3157 1094 3240 uulf

319 3259 566 3347 ἀ]νεπηροοίστην
587 3258 650 3325 οὶπό
672 3258 703 3324 τ’
728 3261 804 3345 ἐμοῦ
826 3263 880 3325 καὶ
901 3261 1014 3338 παντὸς

317 3362 515 3450 κληρονόμου
537 3363 708 3448 τρέπεσθαι
732 3361 772 3450 [δ’
795 3361 903 3451 αῦτ]ὴν

274 3570 308 3635 in
330 3589 394 3654 qua
416 3576 560 3635 extrema
583 3569 624 3634 de
646 3568 803 3653 singulari
824 3570 928 3636 forma
950 3570 1026 3655 ἐμοῦ
1047 3569 1134 3636 idem
1155 3569 1364 3637 iudicandum
1378 3575 1428 3636 est
1446 3589 1483 3634 ao

275 3671 317 3738 de
339 3673 454 3739 ueteris
476 3672 608 3738 vocibus
633 3670 789 3739 barbaris.

273 3868 475 3878 -.-.-.—-—-

363 4001 382 4073 ¹)
418 4003 553 4071 Newton,
575 3995 671 4055 Greek
693 3999 770 4055 inser
786 3999 827 4070 n,
845 3999 904 4054 343.
926 3999 955 4055 ib
973 3997 1033 4055 298.
1055 3997 1185 4070 Newton,
1200 3999 1318 4067 History
1342 4000 1377 4055 of
1392 4001 1479 4056 disoe-

273 4089 369 4146 veries
392 4095 422 4144 at
441 4089 573 4144 Halioam
592 4092 636 4142 eto
654 4104 673 4157 p
692 4087 751 4141 756.
788 4086 825 4142 cl
842 4088 878 4156 II,
897 4087 966 4141 3140
983 4101 1045 4157 sqq.

360 4177 382 4245 ²)
418 4177 540 4230 Puerum
558 4176 648 4230 solum
666 4174 823 4243 reperimus
840 4174 869 4229 in
886 4174 1027 4244 particula
1044 4184 1071 4242 9,
1077 4191 1084 4229 z
1102 4178 1206 4228 παιδίον
1222 4177 1345 4243 arquos.

361 4263 381 4333 ¹)
417 4263 508 4319 Jomn
527 4260 561 4318 of
575 4261 666 4316 hellen
685 4262 751 4317 stud
769 4262 817 4330 IV,
835 4261 895 4318 380.

358 4349 381 4420 ⁴)
417 4349 545 4418 Nautes,
564 4348 659 4405 Greek
684 4349 760 4405 inser
777 4349 813 4418 Π,
834 4348 890 4405 180.
