3050 5025
833 318 874 383 68

247 532 285 595 In
318 529 412 595 titulo
440 526 542 592 Tenio
555 526 578 609 ¹)
607 525 784 591 Anaxioleo
812 524 1015 590 Philotheam
1047 522 1167 590 iudicio
1192 522 1309 588 vicisse
1337 521 1471 589 dieitur.

332 632 488 699 Nioarela
509 629 669 714 Thespias
690 628 764 712 ipsa
787 628 930 694 debitum
952 627 1053 710 exigit
1064 627 1103 710 ²):

234 796 237 802 .
293 735 391 800 ἐπιδεὶ
418 732 650 820 παργενομένας
671 721 851 816 Νικαρὲταᾲ
873 730 991 808 Θίιονος
1018 730 1188 807 Θειοπικᾶς
1216 728 1260 814 νὴ
1282 725 1473 813 πραττώσας

290 838 326 904 τὸ
349 836 468 905 δάνειον
490 836 545 903 τοὶν
567 836 655 905 πόλιν
676 837 738 903 κὰτ
760 835 815 913 τὰς
837 827 1064 920 οὖπεραμερίοις
1084 833 1140 910 τοὶς
1162 832 1257 913 ἰώσας
1278 838 1368 924 αὐτῆ.

250 944 293 1009 Ut
314 942 441 1006 mulieri
461 942 583 1007 Romae
605 940 639 1007 id
661 942 725 1027 ipsi
747 959 846 1023 agere
868 939 945 1004 lieet
957 938 990 1021 ³).
1040 939 1188 1006 Ceterum
1216 944 1250 1008 in
1277 944 1349 1028 ipsa
1370 943 1473 1030 parti-

251 1046 324 1111 eula
343 1035 378 1109 'F
406 1043 527 1109 diserte
561 1044 716 1129 seriptum
748 1048 812 1108 est:
845 1040 867 1127 ἡ
899 1042 934 1106 δὲ
967 1043 1133 1129 ωγγραφὴ
1154 1046 1259 1130 »κυρία
1290 1048 1370 1113 ἔστι)
1403 1045 1469 1111 κᾶν

250 1143 344 1226 ἄλλος
366 1147 497 1233 ἐπιφέρῃ
531 1145 607 1231 ὑπὲρ
636 1146 822 1233 Νικαρὲτος,
854 1146 901 1212 ita
928 1151 964 1211 ut
991 1152 1146 1214 exactura
1171 1149 1258 1234 ipsa.
1273 1156 1372 1217 antea
1399 1150 1470 1215 iam

249 1272 320 1317 esee
341 1250 491 1316 videatur
502 1251 536 1333 ⁴).

333 1356 371 1419 In
385 1354 548 1439 Aegyptio
563 1374 688 1439 papyro
703 1353 878 1420 vetustiore
893 1359 1099 1418 arcessuntur
1111 1354 1263 1439 coniuges
1273 1362 1310 1421 ut
1322 1354 1471 1421 debitum

250 1459 444 1523 frumentum
466 1455 655 1540 reddant⁶):
678 1476 740 1539 quo
763 1456 835 1522 loeo
864 1462 921 1521 aut
947 1456 1127 1522 communio
1150 1459 1307 1525 bonorum
1328 1462 1472 1525 omnium

249 1560 422 1626 statuenda
445 1566 500 1624 aut
521 1560 592 1644 ipse
624 1580 683 1646 pro
716 1578 817 1624 uxore
849 1559 913 1625 fide
946 1559 1085 1625 iusserat
1113 1562 1264 1627 maritus:
1298 1563 1363 1629 alio
1396 1564 1471 1628 loeo

251 1669 359 1730 autem
386 1662 466 1727 nihil
498 1663 569 1747 ipse
603 1669 688 1728 tutor
721 1662 820 1728 debet
830 1661 864 1745 ⁶).
919 1662 1040 1730 Contra
1071 1662 1141 1728 sine
1173 1669 1279 1730 tutore
1311 1685 1474 1732 novercae

252 1785 369 1831 nomen
402 1765 522 1830 femina
556 1765 709 1848 defert⁷):
739 1758 917 1851 Ἑρμοκλεῖ
944 1771 1005 1831 τῶν
1038 1759 1389 1852 ἀρχιοωμοιτοφυλοὶκων
1415 1772 1474 1833 οιαὶ

253 1868 401 1955 ἐπιστάτῃ
434 1875 489 1933 τοῦ
511 1868 692 1953 Παθυρίτου
724 1868 812 1954 παρὰ
834 1867 994 1955 Ταοήμιος
1026 1870 1082 1954 τῆς
1103 1868 1239 1949 >lerona
1271 1871 1470 1957 χολχυτίδος·

254 1972 421 2059 ἀδικοῦμαι
442 1970 502 2037 ὑπὸ
525 1972 692 2059 Θεννήοιος
713 1973 770 2058 τῆς
791 1972 959 2058 γενομένης
980 1973 1035 2038 τοῦ
1057 1972 1173 2059 πατρός
1194 1996 1253 2061 μου
1272 1974 1427 2061 γυναικός.

687 2179 721 2246 Β.
767 2177 810 2247 lle
830 2177 1038 2247 testimoniis.

338 2316 552 2382 Athenienses
588 2317 621 2381 in
658 2316 779 2381 iudicio
823 2316 1040 2381 testimonium
1083 2337 1146 2382 non
1190 2316 1299 2384 dicere
1335 2317 1479 2383 feminae

254 2419 403 2486 videntur
415 2418 454 2501 8);
478 2417 564 2501 quod
579 2418 665 2483 idem
682 2418 775 2483 nobis
798 2417 886 2503 apud
901 2416 1000 2483 Indos
1022 2424 1054 2483 et
1068 2418 1157 2505 apud
1173 2419 1312 2486 ludaeos
1327 2420 1478 2486 ooourrit.

255 2527 377 2590 Romae
394 2543 465 2589 oum
482 2523 658 2606 antiquitus
674 2522 761 2587 haud
774 2522 869 2588 aliter
884 2541 936 2588 res
951 2542 986 2587 ee
1001 2522 1131 2609 habeat,
1148 2524 1212 2590 iam
1225 2529 1300 2590 ante
1312 2524 1480 2591 Oieeronis

254 2635 401 2714 tempora
423 2626 563 2692 feminae
585 2627 803 2692 testimonium
825 2625 933 2691 dicere
955 2625 1032 2692 lieet
1042 2625 1076 2709 ⁹).

339 2731 500 2815 Corcyrae
521 2729 556 2794 in
577 2729 685 2794 insula
706 2729 826 2794 Dorica
848 2728 989 2794 feminae
1010 2730 1227 2795 testimonium
1250 2730 1361 2796 dieunt
1379 2729 1480 2795 etiam

255 2836 284 2900 si
306 2833 364 2899 alii
385 2839 555 2918 praeterea
578 2839 677 2898 testes
699 2838 783 2897 sunt.
828 2832 955 2898 Titulus
978 2838 1094 2917 exstat,
1117 2853 1180 2916 quo
1202 2833 1308 2898 vietus
1329 2833 1425 2898 homo
1448 2839 1482 2898 et

256 2936 478 3002 adversarium
511 2941 544 3001 el
576 2941 676 3000 testes
710 2934 965 3018 exsecratur¹⁰):
998 2933 1131 3002 Σιλανοῦ
1161 2933 1213 3000 τὸν
1245 2933 1316 3002 νόον
1339 2936 1400 3018 ζκαὶ
1421 2934 1481 3001 τὰν

255 3039 401 3126 γλῶσσαν
428 3048 532 3104 τουτεῖ
555 3037 760 3124 καταγράφω,
794 3041 850 3102 καὶ
876 3039 936 3104 τῶν
964 3038 1126 3125 μαρτύρων
1153 3039 1214 3106 τῶν
1240 3037 1373 3106 Σιλανοῦ
1402 3038 1473 3104 κτλ·

258 3143 433 3231 Τιμαρὲτας
454 3142 510 3210 τὰν
531 3142 677 3227 γλῶσσαν
697 3140 766 3206 κτλ.
801 3214 805 3220 ,

349 3405 370 3473 ¹)
406 3405 538 3472 Daroete‚
557 3403 643 3458 Nouv
660 3416 713 3456 rev
730 3400 789 3454 hist
806 3401 842 3455 de
861 3400 937 3455 droit
956 3401 1024 3456 1884
1042 3416 1061 3469 p
1079 3400 1139 3457 382.

350 3491 372 3561 ’ν
408 3489 525 3544 Larfeld
543 3488 645 3559 SyllN
666 3488 705 3556 16,
723 3476 766 3542 C(
948 3521 955 3532 -

350 3580 374 3647 a)
409 3576 546 3645 Savigny,
564 3573 691 3628 Zeitoohr
710 3572 724 3626 s
739 3573 896 3642 gesohiohtl
914 3574 1090 3629 Reohtswieo
1108 3574 1144 3644 X,
1162 3575 1222 3628 236.

351 3664 373 3734 ⁴)
408 3664 453 3718 De
476 3662 592 3716 notione
615 3661 736 3715 nominis
759 3661 899 3729 συγγραφή
924 3661 968 3715 efr
1001 3661 1137 3730 Foueart,
1168 3661 1231 3717 Ball
1261 3660 1297 3714 de
1327 3675 1392 3714 oorr
1424 3658 1480 3712 hell

264 3751 340 3821 1884,
358 3769 377 3820 p
395 3751 454 3804 375.

351 3841 372 3907 ⁶)
407 3839 475 3893 vide
494 3852 581 3905 supra
598 3854 617 3905 p
635 3835 677 3890 47.

350 3927 372 3995 θ)
408 3923 535 3980 Extraite
555 3929 584 3978 et
601 3924 711 3978 notiees
729 3923 833 3991 XVHI,
851 3921 868 3975 2
885 3921 911 3976 Ν
928 3921 953 3974 7.

353 4015 375 4081 ⁷)
411 4011 438 4067 A
456 4012 580 4081 Peyron,
597 4011 659 4079 Pap
678 4009 718 4065 Gr
735 4027 788 4079 reg
806 4009 914 4064 Taurln
932 4024 994 4063 mus
1012 4007 1129 4079 Aegypt
1145 4009 1173 4062 11
1189 4026 1208 4077 p
1226 4009 1270 4062 65.

353 4101 374 4168 ⁶)
411 4099 596 4167 Sehoemann,
614 4097 667 4152 Att
684 4099 759 4152 Proe
770 4097 834 4166 6673
856 4097 1058 4167 Guggenheim,
1071 4097 1225 4166 Foltemng
1235 4097 1273 4150 im
1285 4099 1329 4150 att
1340 4096 1442 4162 Proep
1457 4096 1480 4148 l.

352 4187 374 4254 ⁹)
410 4185 526 4254 Eseher,
556 4185 600 4238 De
627 4184 742 4239 testium
771 4183 882 4239 ratione
909 4201 981 4250 quae
1008 4186 1117 4240 Romae
1146 4183 1197 4240 Cio
1223 4188 1320 4238 aetate
1350 4181 1481 4250 oblinuit,

264 4272 460 4329 Zlirioh1842.
496 4273 671 4343 Marquardt,
690 4273 762 4326 Rom
780 4271 1011 4327 Privatalt158.

339 4361 372 4430 ¹⁰)
408 4359 611 4429 Dittenberger
629 4357 690 4428 Syll
707 4357 767 4412 431.
