3050 5025
659 312 701 377 33

63 525 181 585 censet
203 520 308 605 ipsum
329 525 455 604 patrem
477 518 584 585 dotem
608 540 797 605 comparare
819 519 980 587 debuisse.
1023 522 1073 587 Ea
1098 523 1152 587 lex
1172 541 1282 605 quam-

62 643 169 706 quam
191 623 365 690 memoriae
387 622 542 709 proditur,
565 623 615 690 his
638 630 746 690 tamen
769 624 876 690 verbis
898 624 1020 710 scripta
1042 631 1105 691 est:

111 735 184 802 Τῶν
212 735 388 822 ἐπικλήρων
416 735 486 801 ὅσαι
514 737 652 822 θητικὸν·
667 737 815 819 τελοῦσιν,
844 736 898 801 ἐὰν
921 734 964 822 μή
988 735 1137 824 βούληται
1159 731 1282 823 ἔχεινὸ

109 838 267 924 ἐγγύτατα
305 840 427 925 γένους,
467 838 616 905 ἐκδιδότω
654 838 776 917 ἐπιδοὺς
812 833 829 904 ὁ
863 841 918 925 μέν
951 840 1283 926 πεντακοσιομέδιμνος

108 942 317 1019 πεντακοσίας
349 941 503 1028 δραχμάς,
537 940 554 1007 δ
588 944 622 1008 δέ
655 940 762 1019 ίππεῦς
795 942 983 1027 τριακοσίας,
1020 940 1038 1007 δ
1071 943 1107 1008 δέ
1138 943 1280 1028 ζευγίτης

112 1046 225 1111 ἑκατὸν
246 1045 449 1131 πεντήκοντα,
471 1044 548 1132 πρὸς
563 1046 607 1124 οίς
622 1038 726 1131 αὐτῆς.
773 1046 828 1111 ἐοίν
849 1046 884 1109 δέ
905 1045 1030 1123 πλείους
1051 1044 1124 1112 ιῦσιν
1146 1045 1282 1131 (ἄνδρες)

111 1150 145 1214 ἐν
174 1149 217 1235 τῷ
246 1146 330 1235 αὐτῷ
357 1149 448 1235 γένει,
476 1150 515 1234 τη”
545 1146 704 1233 ἐπικλήρῳ
733 1148 810 1233 πρὸς
833 1148 926 1235 μέρος
951 1147 1119 1216 ἐπιδιδόναι
1140 1151 1282 1215 ἕκαστον.

111 1252 167 1317 ἐὰν
195 1253 230 1316 δέ
257 1262 401 1338 γυναῖκες
428 1252 552 1330 πλείους
581 1251 646 1335 ὦσι,
675 1251 718 1338 μὴ
748 1250 924 1337 ἐπάναγκες
952 1252 1145 1318 εἶναιπλέον
1166 1252 1188 1338 ἢ
1212 1239 1283 1339 μίαν

111 1356 257 1421 ἐκδοῦναι
284 1364 326 1441 τῷ
355 1348 384 1441 γ’
414 1356 473 1422 ἐνί·
506 1355 588 1420 ἀλλά
615 1356 667 1421 τὸν
695 1354 852 1443 ἐγγύτατα
879 1356 931 1419 δεῖ
955 1353 1109 1422 ἐκδιδόναι
1136 1354 1158 1439 ἤ
1188 1354 1280 1421 αὐτὸν

111 1460 205 1546 ἐχειν.
236 1456 289 1525 ἐοὶν
316 1460 351 1523 δέ
379 1457 421 1545 μη
450 1459 511 1547 ἐχη
540 1456 557 1523 δ
586 1456 745 1544 ἐγγυτάτω
772 1458 879 1544 γένους
906 1456 929 1543 ἢ
952 1458 995 1544 μη
1019 1458 1112 1544 ἐκδῷ,
1136 1452 1153 1522 ὁ
1176 1458 1282 1544 ἄρχων

112 1561 357 1647 ἐπαναγκαζέτω
380 1560 401 1647 ἢ
424 1561 516 1627 αὐτὸν
538 1562 622 1647 ἐχειν
644 1561 665 1646 ἤ
688 1562 842 1628 ἐκδοῦναι.
872 1560 982 1628 ἐὰνδὲ
1007 1562 1050 1647 μη
1074 1560 1281 1649 ἐπαναγκάσῃ

114 1662 131 1729 ὁ
155 1663 273 1750 ἄρχων,
296 1660 445 1749 ὀφειλέτω
466 1665 568 1751 χιλίας
590 1666 735 1751 δραχμὰς
758 1664 842 1750 ίεροὶς
862 1665 901 1751 τῇ
919 1663 1045 1751 Ἥρᾳί).

62 1768 118 1833 De
142 1768 291 1852 epioleris
313 1768 420 1851 agitur
442 1769 653 1854 pauperibus:
686 1769 802 1851 quibua
831 1774 921 1833 oerta
949 1766 1009 1833 dos
1034 1766 1215 1851 requiritur,
1248 1774 1284 1833 ut

62 1872 111 1937 ait
134 1870 189 1955 qui
211 1891 267 1937 eas
290 1871 389 1937 duoat
410 1892 491 1939 neve
513 1892 629 1938 nomen
652 1872 796 1937 familiae
811 1871 967 1937 deleatur.
1011 1869 1130 1935 Verum
1145 1872 1284 1955 peounia

61 1974 109 2039 iis
143 1973 222 2040 data
254 1994 318 2040 nou
349 1983 417 2041 tam
445 1974 504 2043 dos
532 1974 648 2061 (προίξ)
675 1974 829 2041 habenda
856 1980 905 2039 est
931 1992 1029 2056 quam
1056 1972 1284 2059 patrimonium

63 2076 212 2161 (κλῆρος)
243 2097 303 2143 neo
332 2077 517 2145 ratiocinari
545 2098 715 2164 possumus
743 2078 821 2161 quid
848 2076 1056 2143 iudicandum
1085 2076 1127 2142 ait
1149 2075 1189 2141 de
1211 2076 1285 2161 ipsa

63 2179 147 2245 dote
170 2186 202 2245 et
224 2179 265 2245 de
287 2180 355 2247 filia
378 2181 428 2247 oui
451 2201 567 2249 nornen
590 2188 639 2247 est
659 2181 847 2266 ἐπίπροικος.
890 2180 1037 2245 Alterum
1051 2178 1156 2245 looum
1170 2178 1285 2246 laudat

63 2283 254 2349 Barrilleau
282 2282 364 2348 Deru
391 2284 459 2368 XL,
492 2285 534 2349 22
561 2290 593 2350 et
615 2284 667 2368 24,
700 2285 756 2350 ubi
789 2282 949 2349 iudicibus
981 2283 1120 2368 probare
1153 2280 1285 2364 quidam

63 2386 179 2452 studet
206 2392 342 2453 matrem
371 2407 462 2454 auam
493 2408 565 2453 oum
593 2389 729 2453 nuberet
758 2386 867 2453 dotem
895 2387 1064 2452 habuisse:
1098 2392 1191 2471 patre
1213 2406 1284 2451 eam

65 2489 171 2557 divite
192 2497 303 2558 natam
326 2490 524 2574 honestoque
539 2491 627 2559 dioit.
671 2492 771 2558 Porro
790 2489 879 2577 apud
893 2489 1051 2572 naeumu
1075 2490 1106 2556 ei
1128 2489 1182 2573 qui
1204 2490 1285 2571 petit

64 2593 298 2680 explicandum
337 2594 463 2661 videtur
497 2615 559 2678 quo
593 2602 690 2681 paeto
722 2595 844 2660 fautum
878 2593 920 2660 ait
953 2600 989 2659 ut
1021 2593 1172 2658 ditissimi
1205 2592 1285 2658 civis

64 2698 139 2763 filia
161 2704 228 2764 tam
249 2697 375 2764 modioe
398 2697 574 2764 dotaretur.
617 2700 661 2764 At
684 2718 723 2763 ex
738 2705 851 2763 neutro
867 2697 939 2763 looo
954 2697 1047 2762 nobie
1064 2695 1194 2779 quidem
1208 2695 1285 2760 lieet

65 2799 199 2868 efficere
221 2801 402 2885 quiequam,
426 2821 497 2867 oum
520 2821 640 2868 morem
663 2801 762 2867 fuisse
785 2801 873 2867 filiae
888 2799 1053 2866 dotandae
1068 2819 1161 2865 nemo
1177 2804 1283 2883 neget.

65 2905 159 2970 Iusto
188 2903 285 2988 igitur
306 2905 376 2970 iure
391 2904 581 2972 Thalheimo
604 2905 751 2971 omnibus
774 2904 854 2970 louis
876 2904 1033 2989 reapeotia
1054 2903 1113 2969 doe
1134 2903 1208 2988 ipsa
1221 2923 1285 2968 non

65 3026 167 3095 posse
200 3006 232 3072 iu
265 3006 384 3073 iudicio
412 3008 480 3092 peti
508 3006 596 3094 apud
629 3008 796 3074 universos
829 3006 972 3073 Graecos
1004 3004 1172 3085 videtum).
1215 3005 1284 3071 Neo

65 3109 190 3195 Ephesi
217 3111 250 3174 in
278 3111 357 3176 urbe
384 3112 496 3177 Iouioa
524 3111 670 3194 legitima
698 3109 757 3176 dos
787 3115 837 3175 est
863 3106 1051 3175 statuenda:
1085 3107 1168 3190 legIs
1200 3106 1284 3170 enirn

68 3213 158 3280 oiroa
181 3233 299 3278 aunum
323 3213 370 3279 κθ
393 3214 623 3297 octogesimum
645 3213 775 3279 tertium
798 3211 906 3298 datae,
929 3212 1020 3278 ouius
1036 3217 1143 3276 exstat
1164 3210 1285 3294 titulus,

65 3316 201 3400 verba⁴J

112 3416 180 3483 ὅσοι
202 3419 236 3483 δέ
258 3419 370 3503 φερνὰς
393 3417 548 3504 ὀφείλουσι
563 3419 743 3505 θυγατρίοις
757 3418 779 3504 ἢ
798 3413 947 3504 ἀδελφαῖς
962 3426 1027 3496 ταῖς
1042 3413 1144 3483 αῦτῦν
1160 3437 1281 3503 μεμερι·

113 3520 204 3601 κότες
226 3523 264 3586 ἐκ
285 3522 341 3607 τῆς
362 3521 509 3610 πατρῴας
532 3521 637 3600 οὐσίας

163 3729 182 3798 ¹)
217 3731 289 3785 Deru
316 3730 417 3799 XLIII,
435 3731 477 3784 54.
501 3729 545 3786 afr
575 3731 651 3786 Diod
675 3730 737 3800 XII,
763 3729 795 3784 18
818 3729 854 3783 de
877 3728 1045 3784 Charondae
1064 3728 1126 3797 lege
1145 3727 1284 3783 Thurina:

68 3815 194 3882 ὡςαῦτως
212 3821 306 3870 δὲκαὶ
329 3818 376 3886 την
400 3820 543 3886 ἐπίκληρον
565 3818 767 3883 ἐπιδικάζεσθαι
787 3819 825 3883 τῷ
842 3811 968 3883 ἀγχιστετ,
987 3815 1008 3882 ᾦ
1025 3814 1059 3884 ἠν
1076 3810 1182 3884 ἀνάγκη
1201 3832 1283 3868 συνοι-

68 3910 127 3958 κεῖν
149 3903 167 3972 ῆ
195 3909 370 3968 πεντακοσίας
397 3907 499 3957 ἐκτῖσαι
522 3905 644 3974 δραχμάς
668 3909 705 3970 εἰς
727 3903 838 3971 προικὸς
861 3903 943 3971 λόγον
959 3906 993 3971 τῇ
1011 3905 1122 3970 πενιχρᾷ
1140 3901 1285 3971 ἐπικλήρῳ.

69 3991 202 4046 Ceterum
220 3992 287 4047 vide
304 3991 314 4044 I
332 3991 342 4044 I
359 4008 378 4063 p
399 3992 456 4046 195.

157 4077 179 4148 ²)
215 4080 279 4134 luae
298 4094 331 4132 or
348 4079 423 4134 VIII.

158 4165 179 4234 ¹)
215 4165 323 4235 AntIqu
353 4164 399 4221 for
428 4181 447 4234 p
477 4165 523 4220 66:
561 4164 604 4221 ofr
629 4164 717 4220 Meier
744 4163 769 4218 o
795 4163 980 4229 Sohoemaum
1007 4163 1061 4219 Att
1087 4164 1160 4220 Proo
1183 4181 1202 4233 p
1225 4164 1284 4220 415.

70 4251 248 4308 Sohoemann
266 4251 304 4306 ad
323 4252 388 4306 Iaae
406 4268 424 4320 p
443 4251 502 4307 233.
540 4251 652 4308 (tilbert
668 4268 687 4321 p
707 4250 766 4306 182.

155 4339 179 4408 ⁴)
214 4325 425 4408 Dittenberger,
445 4338 504 4409 Syll
522 4339 574 4394 344
591 4357 611 4394 ν
629 4339 671 4394 55.
1117 4408 1133 4460 3
