3050 5025
554 292 757 393 Α

34 503 101 567 115
128 501 197 588 (ofr
220 502 305 588 120),
327 502 411 569 filios
433 503 473 569 W
495 504 523 567 iu
543 503 571 567 F
592 502 644 569 58.
693 502 788 570 Addo
816 491 942 589 patrem
964 503 1016 584 (W
1037 505 1065 568 lu
1086 504 1113 567 F
1134 502 1209 584 259)
1231 510 1264 569 et

32 605 182 671 fratrem
197 606 347 692 (Curtius,
363 606 475 673 Aneod
490 608 557 687 32).
601 607 629 671 Α
645 612 753 671 tamen
774 626 816 672 ne
826 606 997 673 Thalheim
1011 606 1141 691 quidem
1154 614 1264 675 noster

32 708 123 774 satis
150 711 245 775 nobis
267 710 355 776 fauit.
399 711 540 775 Primum
563 709 648 774 enirn
680 711 857 776 bebaeoter
887 717 1055 797 praestare
1081 718 1195 778 eontra
1215 719 1263 777 tu·

32 817 148 875 torem
172 812 316 896 legitime
338 813 621 879 manumissionem
635 832 699 878 non
713 820 831 897 potest,
853 834 925 879 oum
948 815 1068 899 optimo
1082 815 1153 881 inre
1166 822 1263 899 tutor,

34 913 137 979 ouius
173 913 243 1000 ipse
275 915 397 998 negotii
429 922 541 981 auctor
572 936 637 982 non
665 916 773 1001 fuerit,
805 917 840 982 id
861 917 1030 1003 improbet.
1086 919 1264 1003 Calymnae

32 1015 166 1082 deinde
188 1018 221 1082 in
242 1019 349 1084 insula
371 1019 491 1085 Doriea
512 1020 663 1085 mulieres
691 1019 776 1085 duae
803 1020 873 1086 sine
900 1026 1005 1086 tutore
1026 1022 1264 1106 manumittunt,

34 1138 114 1183 eum
141 1120 284 1187 auctoris
306 1121 439 1187 secundi
460 1122 550 1187 nulla
572 1122 692 1188 mentio
714 1122 788 1189 fiat:

78 1238 190 1325 Nelaq
212 1240 413 1328 Μενεκράτου
435 1236 607 1329 ἀνεκήρυξε
628 1243 685 1329 τὴν
708 1243 786 1309 ἰδίαν
806 1243 874 1308 κτλ.
883 1243 905 1322 ¹)
974 1327 977 1333 Ι

80 1342 141 1407 Κλ
175 1343 324 1430 nequas
353 1342 546 1432 Ἐπικτήτου
580 1342 801 1432 ἠλευθέρωσεν
834 1346 894 1411 κτλ
928 1348 983 1410 καὶ
1017 1340 1170 1414 ἀπέλυσεν
1203 1356 1264 1416 τῶν

82 1442 346 1533 ἀπελευθερικῶν
368 1450 495 1539 δικαίων
502 1450 534 1529 ²).

34 1548 126 1614 Turn
162 1550 320 1618 Dodonae
352 1553 485 1619 alterius
521 1553 644 1619 saeouli
680 1552 772 1618 initio
814 1573 878 1618 non
914 1553 1018 1618 solum
1053 1553 1181 1619 titulum
1216 1574 1264 1619 re-

37 1653 190 1735 perimus
212 1654 312 1721 huno:

82 1772 251 1852 Πολυξένου
273 1774 383 1861 Tuque
406 1775 569 1861 ἀνατίθητι
590 1780 633 1862 τῷ
655 1776 690 1840 Δὶ
711 1779 767 1841 καὶ
787 1776 974 1863 χρήματαῧ)

38 1899 72 1956 et
96 1894 225 1961 similes
247 1894 350 1980 huius,
374 1896 431 1962 sed
454 1898 553 1963 etium
574 1898 675 1963 alium
688 1898 726 1979 ⁴):

84 1994 256 2062 Ματυδίκα
289 1997 461 2078 Πολύξενον
496 2000 656 2085 ἐξεπρίατο
690 1994 752 2065 ἀπὸ
780 2000 957 2086 Δαμοξὲνας
996 2002 1072 2087 μνᾶς
1104 1995 1262 2088 ἀργυρίου,

84 2100 242 2186 μάρτυρες
264 2102 294 2168 οἱ
315 2105 414 2169 δεῖνος

36 2221 98 2285 ubi
123 2224 289 2305 negotium
311 2224 496 2307 agnoscitur
528 2245 639 2291 verum
671 2224 754 2289 inter
777 2223 866 2309 ipsas
895 2223 977 2290 duas
998 2224 1136 2291 seminas
1158 2232 1263 2292 ratum

40 2323 186 2390 fautum:
209 2326 436 2410 Dittenberger
460 2327 651 2413 ἐκπρίασθοι
677 2334 764 2393 reete
792 2327 890 2392 vertit
916 2328 978 2394 ita:
1005 2329 1131 2413 „pretio
1158 2329 1262 2396 soluto
1375 2343 1377 2345 ’

37 2423 218 2514 liberare“,
241 2450 280 2495 ao
300 2429 484 2496 laudandus
506 2432 562 2495 ille
590 2437 639 2497 est
666 2429 754 2516 apud
777 2429 1025 2495 Demosthenem
1054 2430 1180 2516 loeus⁶)
1207 2433 1264 2498 ubi

41 2530 131 2596 alius
153 2531 359 2600 Atheniensis
391 2556 450 2620 pro
484 2534 645 2619 mancipio
680 2555 751 2599 oum
784 2532 861 2600 hero
893 2533 1069 2619 paoisoitur
1101 2536 1263 2620 Apollinis

41 2631 199 2720 Delphici
220 2638 366 2722 partibus
389 2639 555 2724 susceptis.
604 2639 643 2702 In
670 2637 791 2703 tabulis
819 2636 958 2720 denique
979 2636 1090 2703 Teniis
1119 2638 1264 2706 eiusdem

43 2738 166 2804 aetatis
195 2739 255 2805 etsi
283 2746 404 2806 tutores
432 2761 503 2807 esse
525 2741 630 2806 solent
657 2740 756 2806 iidem
788 2741 946 2826 πρατῆρες
973 2739 1007 2804 id
1036 2747 1084 2806 est
1113 2747 1261 2809 auotores

45 2840 184 2906 seeundi
205 2843 293 2908 velut
314 2843 347 2908 in
362 2865 383 2909 ν
398 2842 438 2908 22
454 2865 524 2928 sqq,
545 2843 704 2930 reperitur
725 2849 834 2908 tamen
850 2843 933 2908 alius
947 2849 1078 2928 praeter
1099 2851 1264 2910 auctorem

44 2943 226 3044 seeundum
247 2932 347 3012 tutor:
372 2946 420 3012 eir
440 2969 461 3013 v
485 2948 555 3013 111.

133 3081 227 3160 Quod
249 3104 308 3150 nos
330 3083 371 3148 de
398 3085 684 3151 manumissionum
715 3084 818 3150 titulis
850 3083 1008 3149 universis
1036 3085 1201 3170 sentimus,
1229 3085 1264 3152 id

45 3192 146 3252 antea
167 3187 233 3252 iam
255 3188 377 3253 Paulus
404 3187 546 3253 Fouourt
572 3187 614 3254 de
641 3188 719 3254 solis
745 3186 828 3252 dixit
848 3186 1068 3272 Delphiois⁶):
1096 3189 1264 3254 manumit-

46 3288 139 3354 tendi
160 3296 354 3374 potestatem
386 3297 559 3376 propterea
591 3291 731 3357 feminae
763 3289 885 3356 habent
913 3289 999 3372 quod
1026 3291 1203 3374 antiquitus
1229 3293 1263 3357 in

46 3391 232 3458 libertatem
247 3392 405 3460 vindicari
427 3415 537 3461 servus
560 3416 624 3461 non
639 3401 768 3480 poterat
782 3394 845 3460 nisi
866 3393 965 3459 alieni
979 3393 1040 3460 deo
1056 3403 1263 3462 eonseoratus

46 3496 102 3577 qui
124 3495 311 3562 hierodulus
332 3496 476 3582 fieret⁷l:
500 3518 691 3564 eonseorare
713 3503 821 3564 autem
843 3497 915 3582 ipsi,
938 3502 974 3563 ut
996 3518 1095 3582 supra
1113 3497 1262 3584 vidimus,

45 3599 175 3664 mulieri
191 3599 276 3667 lieet.
321 3601 423 3668 Saeua
437 3601 541 3666 forma
556 3601 630 3668 ideo
646 3621 717 3667 esse
732 3599 992 3666 manumissionis
1008 3600 1110 3684 prima
1124 3600 1262 3686 ridetur,

45 3773 249 3783 «m———fi

135 3893 156 3963 1)
193 3893 314 3949 Journal
332 3893 366 3949 of
379 3893 471 3949 hellen
489 3895 555 3950 stud
572 3895 607 3964 Π,
625 3895 685 3949 362.

136 3981 159 4050 ²)
194 3981 258 4035 Bnll
276 3981 312 4036 rie
331 3997 396 4036 corr
413 3980 468 4036 hell
488 3979 563 4050 1884,
580 3997 599 4050 p
617 3982 660 4036 44.

137 4069 159 4138 ¹)
193 4068 417 4138 Bezzenberger,
434 4067 568 4138 Beitriige
585 4069 636 4136 ΙΙΙ,
654 4068 705 4122 272
724 4085 787 4138 sqq.

133 4157 157 4224 ⁴)
192 4155 403 4226 Dittenberger,
422 4155 482 4227 Syll
498 4157 575 4212 inser
593 4155 633 4212 Gr
651 4173 669 4224 p
688 4155 747 4210 632.
768 4187 797 4195 -
820 4155 840 4225 ⁶)
868 4153 995 4212 elieser
1012 4154 1029 4224 5
1047 4154 1089 4208 31.

136 4243 158 4311 ⁶)
194 4243 265 4298 Mem
284 4260 333 4298 sur
350 4243 497 4300 l’affranoh
515 4262 533 4313 p
552 4245 568 4298 5
587 4248 657 4299 extr.

134 4332 156 4400 ⁷)
193 4329 315 4400 Curtius,
333 4330 433 4387 Aneed
449 4329 542 4400 Delph
559 4348 578 4399 p
599 4333 632 4386 10
649 4347 711 4400 sqq.
