3050 5025
763 326 967 422 -ω,

300 528 503 617 Ἀρισταγόρη
540 531 772 618 Διονυσοδώρου
809 530 887 619 μετὰ
922 537 977 597 τοῦ
1013 530 1123 610 παιδὸς
1154 531 1384 618 Διονυσοδώρου
1420 538 1479 596 τοῦ

299 627 513 721 Ἀριστομένου
542 634 736 722 κληρονόμος
764 632 843 702 οὖσα
870 635 930 700 τών
948 632 1161 721 Ἀριστομένου
1187 636 1242 701 τοῦ
1263 633 1480 721 Μητροδώρου

302 737 387 803 κατὰ
409 738 570 825 διαθηκην
593 738 818 825 διασυνίοτησιν
840 737 992 824 ίερητείαν
1014 736 1053 823 ἣν
1075 731 1233 824 ἠγόρασεν
1249 732 1478 825 Ἀριστομένης,

256 878 354 942 ευριπ
382 860 447 925 iam
474 858 552 946 μετὰ
579 866 634 924 τοῦ
662 857 772 937 παιδος
799 860 900 926 verba
932 858 976 926 ad
1010 860 1125 925 tutoris
1157 858 1216 924 filii
1250 859 1479 925 auctoritatem

255 960 479 1046 interpositam
502 963 700 1029 rettulimus:
723 961 765 1027 de
787 962 853 1028 filio
877 961 997 1027 herede
1012 962 1141 1027 omnino
1157 962 1236 1027 nihil
1253 962 1379 1047 dicitur,
1402 981 1477 1027 cum

256 1061 376 1129 diserto
397 1064 498 1131 vidua
519 1066 766 1131 testamentaria
788 1065 882 1131 heres
905 1065 1103 1150 appelletur:
1137 1065 1224 1149 quod
1252 1076 1361 1132 autem
1388 1086 1476 1131 anno

256 1167 303 1231 πθ
337 1166 568 1235 OOLXXVHI.
599 1169 743 1235 testandi
770 1170 869 1234 etiam
895 1167 962 1233 filio
990 1168 1163 1254 superstite
1191 1174 1337 1254 potestas
1369 1168 1476 1233 libera

262 1268 314 1353 sit,
337 1290 400 1336 non
423 1272 547 1337 mirum.
592 1273 643 1338 Ab
666 1272 819 1339 intestato
841 1271 936 1337 heres
958 1271 1057 1338 vidua
1079 1292 1143 1337 non
1164 1272 1301 1338 videtur.

345 1391 511 1458 Plutarchi
526 1391 666 1475 quodam
682 1392 764 1503 loop,
785 1392 840 1457 ubi
855 1393 995 1477 Spartae
1018 1411 1059 1457 ex
1081 1392 1177 1458 cleris
1199 1392 1316 1458 civium
1338 1390 1477 1474 singulis

260 1499 477 1578 septuagenos
505 1496 630 1561 modios
658 1494 738 1581 ipsis
767 1515 806 1560 ac
829 1495 996 1560 duodenos
1024 1494 1178 1575 uxoribus
1206 1494 1343 1560 rediisse
1365 1492 1478 1576 tradit,

255 1595 400 1662 OMhller
434 1618 511 1664 usus
547 1598 654 1664 dotem
682 1620 703 1664 a
732 1598 848 1663 marito
882 1598 1054 1663 Lacaenae
1082 1595 1203 1663 dietam
1226 1596 1406 1663 contendit:
1441 1594 1477 1660 id

254 1698 341 1782 quod
366 1701 487 1767 Jannet
515 1700 549 1786 (p
574 1701 648 1785 110)
676 1700 806 1785 refutat,
840 1720 912 1766 cum
941 1699 1028 1764 idem
1056 1699 1145 1785 apud
1177 1700 1277 1766 alium
1309 1705 1477 1766 auctorem

256 1802 379 1868 nullum
402 1804 592 1889 reperiatur,
616 1809 648 1868 et
670 1802 713 1870 ad
735 1804 918 1889 posteriora
939 1809 1087 1889 tempora
1108 1803 1248 1871 fortasse
1269 1800 1477 1869 referendum

257 1912 375 1990 censet,
407 1908 523 1990 quihus
551 1907 729 1973 ditissimas
757 1907 908 1973 mulieres
937 1907 1036 1972 fuisse
1065 1914 1201 1974 constat.
1244 1908 1338 1973 Hunc
1365 1913 1478 1972 tamen

257 2009 425 2092 ecquidem
440 2031 503 2077 non
519 2016 657 2095 secutus,
681 2030 754 2078 cum
769 2010 880 2076 dotem
896 2016 1021 2076 constet
1035 2009 1282 2077 Lacedaemone
1297 2009 1477 2093 antiquitus

253 2131 317 2178 uon
340 2114 449 2199 fuisse,
487 2114 720 2180 Germanorum
753 2112 834 2179 illud
857 2114 1038 2180 institutum
1074 2113 1213 2198 profero,
1250 2114 1340 2180 cuius
1373 2132 1477 2198 supra

253 2216 372 2282 mentio
406 2216 515 2285 fiebat.
564 2216 661 2303 Apud
695 2214 833 2282 eundem
860 2216 1070 2282 Plutarchum
1084 2216 1106 2300 ¹)
1140 2216 1307 2282 mulierem
1340 2214 1476 2280 divitem

256 2317 435 2386 invenimus
458 2340 551 2405 quae,
575 2341 648 2387 cum
669 2318 770 2386 vidua
791 2318 950 2403 videatur,
973 2338 1178 2402 nequaquam
1193 2319 1261 2385 tilia
1275 2317 1477 2384 hereditaria

256 2428 318 2488 est:
353 2420 375 2507 ἡ
403 2424 439 2487 δὲ
467 2422 598 2510 ἀληθῶς
627 2421 822 2490 ἀναπείσασα
848 2420 901 2488 τὸν
924 2414 1111 2508 Ἀγησίλαον
1139 2422 1221 2486 αίτίοι
1253 2428 1314 2488 τῶν
1341 2441 1475 2506 πραττο-

256 2524 354 2612 μένων
377 2536 543 2614 μετασχεῖν
565 2525 755 2614 ὀφλημάτων
782 2526 909 2613 πλῆθος
930 2524 969 2611 ην
997 2526 1070 2591 κτλ·
1098 2519 1151 2604 Ὡς
1173 2524 1227 2593 οὖν
1247 2524 1361 2611 τοίχιτα
1382 2546 1476 2610 προς-

253 2627 392 2715 ηγοὶγετο
420 2638 528 2699 τοῦτον
558 2625 688 2716 ὁἏγις,
722 2627 819 2707 εὐθὺς
852 2631 1004 2715 ἐπιχειρεῖ
1034 2626 1101 2716 μετ’
1139 2621 1235 2694 αὑτοῦ
1267 2627 1324 2715 την
1352 2627 1476 2716 μητέρα

255 2732 386 2818 πείθειν,
410 2731 552 2820 ἀδελφήν
574 2731 670 2800 οὖσαν
687 2727 896 2818 Ἀγησιλάου,
929 2731 1049 2818 πλήθει
1075 2733 1110 2797 δὲ
1136 2731 1279 2800 πελατῶν
1300 2734 1355 2798 καί
1377 2731 1477 2817 φίλων

254 2838 310 2900 καί
331 2840 498 2923 χρεωστῶν
520 2839 601 2925 μέγα
624 2836 805 2923 δυναμένην.
849 2836 1011 2902 Heredem
1040 2856 1112 2902 eam
1141 2836 1242 2903 luisse
1270 2837 1385 2903 marito
1408 2856 1475 2903 non

255 2940 411 3008 hahemus
427 2945 640 3028 exploratum,
663 2941 802 3028 pecunia
817 2960 938 3024 magna
957 2939 1017 3006 dos
1032 2941 1171 3006 sonasse
1186 2939 1247 3006 fuit
1268 2960 1309 3005 ex
1331 2939 1476 3005 moribus

251 3042 339 3109 illius
362 3045 494 3111 saeculi.

338 3167 490 3231 Attamen
505 3165 655 3249 Epicteto
670 3164 821 3230 Theraeo
831 3165 948 3230 marito
964 3163 1059 3230 heres
1074 3163 1202 3229 videtur
1217 3159 1473 3244 testamentaria,

258 3288 453 3352 quamquam
475 3268 588 3334 liberis
610 3289 674 3334 non
697 3274 797 3334 caret.
842 3268 908 3334 Sua
936 3268 1021 3332 enim
1050 3266 1129 3332 dicit
1156 3263 1332 3348 αὐτόκτητα
1354 3263 1474 3349 χωρίαε

252 3372 314 3438 hoc
336 3373 464 3439 nomine
487 3373 569 3440 alios
593 3393 664 3440 esse
687 3372 805 3439 fundos
826 3375 992 3457 probatur,
1015 3389 1095 3455 quos
1116 3370 1147 3434 ei
1162 3369 1267 3434 minus
1281 3366 1474 3432 abalienare

257 3476 355 3542 liceat
367 3477 401 3560 ²).
451 3479 499 3541 Ac
532 3477 654 3542 verbis:
689 3474 850 3541 ἀπολείπω
881 3473 966 3540 nauel
998 3473 1054 3540 τάν
1084 3470 1294 3558 γεγενημένον
1327 3492 1379 3558 μοι
1411 3466 1474 3535 ὑπὸ

252 3579 307 3644 τοῦ
335 3576 445 3663 ἀνδρὸς
473 3578 618 3656 Φοίνικος
641 3579 767 3647 ἐντολοὶν
789 3579 848 3645 κτλ
901 3578 1009 3644 mariti
1036 3583 1135 3643 antea
1167 3575 1266 3642 hasce
1299 3593 1351 3640 res
1372 3573 1475 3639 luisse

255 3683 426 3766 colligitur.

337 3802 475 3887 Delphis
506 3824 587 3869 uxor
621 3804 736 3870 marito
769 3804 864 3870 heres
885 3800 1076 3867 Thalheimo
1104 3798 1267 3885 videtur⁸)
1299 3804 1474 3885 propterea

253 3906 339 3991 quod
361 3906 499 3992 primum
514 3907 619 3973 locum
635 3909 769 3993 obtinet,
792 3907 975 3988 ubicunque
989 3924 1055 3970 una
1070 3924 1142 3970 cum
1164 3902 1275 3970 liberis
1291 3902 1472 3969 consentire

340 4183 351 4214 ,
445 4182 451 4196 .

338 4186 361 4336 ²3
396 4181 535 4324 ίλωέλεεεῗθ.
554 4270 639 4325 Nouv
656 4283 709 4322 rev
726 4268 784 4323 hist
802 4269 838 4322 de
857 4268 935 4323 droit
951 4267 1001 4334 VI,
1019 4269 1078 4322 252.

341 4357 363 4424 ὃ)
397 4357 506 4426 Antiqu
525 4356 571 4411 sor
588 4372 606 4423 p
625 4355 658 4406 57
677 4354 774 4409 adnot.
