3050 5025
842 326 885 388 50

254 532 415 617 mancipio
438 531 532 598 horno
555 531 818 598 consuetudinem
840 530 1000 613 habuerit,
1029 536 1063 594 ut
1091 528 1124 593 in
1153 529 1301 595 exsilium
1324 533 1357 593 et
1377 533 1477 613 pater

255 641 287 701 et
309 640 412 700 mater
434 641 466 701 et
487 636 581 702 liberi
603 636 779 701 mittantur.
877 728 882 740 Ι

601 880 635 955 3.
680 874 745 947 De
774 874 1125 973 adoptionibus.

340 1033 468 1099 Mulieri
481 1052 546 1097 non
561 1032 637 1097 lieet
651 1030 841 1095 Atheniensi
855 1028 956 1095 filium
970 1030 1039 1095 sive
1060 1029 1161 1094 filiam
1183 1030 1285 1094 sterili
1296 1028 1476 1113 adoptare:

253 1136 288 1201 id
322 1135 408 1219 quod
436 1155 476 1200 ex
498 1134 584 1200 Isaei
612 1134 756 1200 oratione
790 1133 928 1217 septima
961 1136 993 1213 (ξ
1015 1132 1069 1215 25)
1104 1132 1322 1214 consequitur:
1357 1129 1478 1217 μητρὸς

255 1236 354 1317 οὐδείς
377 1239 457 1303 ἐστιν
480 1238 654 1323 ἐκποίητος,
678 1234 749 1301 ἀλλ’
775 1231 888 1322 ὁμοίως
902 1233 1037 1322 ὑπάρχει
1058 1234 1114 1320 τήν
1130 1233 1226 1321 αὐτὴν
1241 1236 1318 1300 εἶναι
1335 1233 1472 1320 μητέρα,

255 1341 314 1408 κᾶν
337 1343 368 1408 ἐν
390 1348 433 1427 τῷ
448 1340 582 1427 πατρῴῳ
606 1340 683 1426 μένῃ
705 1362 749 1417 τις
763 1342 841 1424 οἴκῳ
856 1338 916 1405 κᾶν
932 1340 1102 1426 ἐκποιηθῇ.
1143 1338 1290 1405 Eandem
1304 1338 1337 1403 in
1354 1336 1476 1403 ueteris

255 1445 440 1511 eivitatihus
462 1444 567 1527 legem
590 1462 661 1508 esse
684 1448 944 1508 consentaneum.

342 1582 462 1648 Contra
483 1580 551 1646 viro
574 1579 685 1645 liberis
708 1579 831 1644 oarenti
852 1578 953 1644 filiam
975 1598 1128 1662 arrogare
1155 1577 1241 1661 lieet,
1267 1597 1351 1660 quae
1383 1577 1478 1641 here-

257 1687 376 1753 ditaria
409 1686 559 1751 exsistat:
593 1684 821 1770 θυγατροποιία
855 1684 972 1748 dieitur
1003 1683 1086 1748 siout
1118 1674 1260 1773 ὑοθεσία.
1313 1681 1478 1760 Exempla

255 1790 337 1855 haee
359 1788 570 1854 Atheniensis
592 1793 680 1853 sunt:
703 1788 835 1873 τελευτᾷ
856 1779 925 1871 δὀἱ
949 1784 1093 1871 θυγάτηρ
1115 1784 1154 1870 ἤν
1170 1782 1339 1870 ἐποιήσατο
1351 1781 1477 1868 Ἁγνίας

256 1894 342 1974 (Isae
357 1892 414 1975 XI,
436 1891 483 1975 9),
507 1896 553 1955 et:
577 1889 790 1975 ἀποθνήσκων
812 1888 981 1975 ἐποιήσατο
1003 1895 1064 1955 τῶν
1079 1887 1262 1974 θυγατέρων
1283 1885 1378 1951 αὐτοῦ
1401 1887 1476 1972 μίαν

256 1995 301 2079 (ih
324 1994 389 2078 41).
433 1993 529 2058 Haud
552 1993 646 2059 aliter
667 1994 701 2057 in
723 1993 816 2058 titulo
838 1992 918 2057 Teio
940 1991 1077 2074 legimus
1091 1990 1128 2075 ¹):

300 2111 457 2191 ···απιάς
477 2110 677 2196 Λεωφάντου,
701 2110 791 2197 φύσει
813 2112 847 2176 δὲ
866 2110 1090 2196 Ἥροστράτου,
1113 2110 1237 2197 χρηστὴ
1260 2118 1362 2196 χαῖρε.

255 2236 362 2301 Etiam
395 2235 429 2299 in
463 2234 589 2299 Derieis
623 2234 808 2299 civitatibus
847 2233 935 2299 velut
968 2232 1189 2298 halicarnassi
1225 2230 1306 2296 haee
1339 2228 1476 2314 adoptio

255 2339 349 2405 nobis
372 2338 510 2404 oeeurrit
523 2337 559 2413 ²):

302 2457 464 2544 Σαραπιάς
493 2455 709 2540 Ἀπολλωνίου,
745 2454 829 2521 κατά
862 2456 1106 2542 θυγατροποιίαν
1140 2456 1175 2520 δὲ
1207 2451 1388 2539 Μενάνδρου
1417 2454 1475 2517 τοῦ

300 2560 542 2646 Διονυσοδώρου,
564 2557 645 2625 καθ’
670 2557 820 2626 υἱοθεσίαν
842 2558 1077 2644 Atheniensem,
1101 2562 1155 2624 καί
1170 2559 1200 2623 οἱ
1219 2560 1279 2623 υἱοὶ
1294 2552 1390 2643 αὐτῆς
1404 2557 1475 2621 κτλ.

257 2688 289 2748 et
312 2682 369 2748 Coi
397 2703 468 2747 eum
497 2681 540 2747 ad
568 2701 663 2747 saera
696 2680 856 2764 quaedam
888 2680 1054 2763 gentilicia
1080 2679 1224 2763 arrogati
1250 2677 1476 2761 admittantur,

255 2788 359 2852 verba
382 2791 576 2870 usurpantur
598 2785 680 2849 κατά
702 2783 945 2870 θυγατροποιίαν
957 2783 990 2861 ³).

575 3101 607 3170 G.
652 3099 695 3171 he
719 3119 800 3171 eura
823 3103 981 3172 minorum
1004 3101 1155 3187 uerenda

342 3256 519 3340 Legitimos
541 3255 700 3340 impuberi
722 3261 808 3322 tutor
830 3262 889 3342 est,
911 3257 965 3340 qui
988 3278 1046 3344 pro
1061 3258 1118 3322 illo
1140 3257 1210 3342 ipse
1232 3261 1310 3339 agat
1325 3255 1476 3322 omnihus

256 3361 290 3424 in
313 3359 417 3424 rebus.
463 3356 571 3435 Quare
594 3358 729 3423 tutelam
751 3359 871 3424 nemini
886 3359 1113 3426 administrare
1134 3359 1221 3442 lieet,
1244 3358 1307 3423 nisi
1329 3358 1407 3424 aivis
1424 3366 1476 3424 est

257 3467 290 3527 et
311 3461 361 3527 sui
383 3461 471 3526 iuris.
515 3461 669 3527 Metoeeis
702 3459 832 3544 quidem
853 3461 1097 3528 Atheniensium
1131 3460 1215 3527 hene
1248 3469 1346 3545 negat
1373 3460 1476 3526 fuisse

256 3569 453 3650 potestatem
474 3563 611 3630 Dareste
623 3564 663 3647 ⁴),
697 3564 817 3649 quippe
839 3566 954 3647 quibus
975 3565 1055 3650 ipsis
1078 3584 1159 3650 opus
1191 3570 1276 3630 esset
1298 3565 1331 3629 in
1351 3564 1474 3630 iudicio

257 3673 423 3751 petronus.
466 3665 635 3731 Mulierem
656 3686 732 3733 vero
761 3669 895 3734 tutelam
922 3687 1035 3752 gerere
1056 3667 1191 3733 Athenis
1213 3667 1357 3752 potuisse
1378 3687 1474 3735 nemo

257 3767 363 3834 adhue
386 3768 559 3835 contendit.
604 3767 808 3861 Quamquam
830 3771 918 3856 apud
946 3772 1029 3838 alius
1055 3771 1193 3858 populos
1222 3769 1349 3836 eumin
1370 3771 1474 3837 tutela

348 4078 365 4144 ¹)
401 4078 439 4131 Le
457 4078 524 4146 Bas,
541 4076 611 4132 Asie
630 4077 686 4131 min
706 4079 762 4133 115.

343 4163 366 4232 ²)
402 4163 431 4219 ib
450 4163 509 4216 507.

345 4251 366 4318 8)
403 4251 505 4321 Rayet,
523 4248 668 4305 Annaeire
686 4267 759 4320 pour
777 4251 941 4323 l’eneourag
962 4253 1028 4307 1875
1046 4253 1095 4321 IX,
1114 4253 1139 4309 N
1161 4252 1199 4306 10.

327 4337 365 4406 ¹¹¹)
401 4337 492 4394 Journ
511 4336 561 4393 des
581 4351 633 4392 nav
655 4338 728 4407 1874,
745 4355 764 4407 p
783 4338 842 4393 620.
