3050 5025
687 278 705 343 i

596 368 797 379 t———n—-a

87 481 173 548 Tum
196 490 304 551 autem
325 504 367 550 ne
388 484 571 552 discordiae
592 486 675 551 inter
696 486 877 573 epitropum
899 488 1043 554 oriantur
1064 492 1096 552 et
1117 482 1245 571 kyrium
1266 479 1301 546 id

87 591 141 651 est
168 589 328 673 maritum,
355 609 420 656 una
449 610 521 655 cum
548 589 627 655 inito
655 590 858 657 matrimonio
886 591 1023 677 epitropi
1050 590 1101 654 ius
1127 588 1236 653 nescio
1259 606 1301 650 an

85 690 304 756 mansferatur
330 690 375 755 ad
402 691 560 776 maritum,
590 692 645 775 qui
670 711 729 777 per
751 692 950 777 aliquantum
972 693 1126 778 temporis
1147 690 1301 756 maiorem

86 798 286 877 potestatem
313 794 474 881 habeat¹).
524 794 644 860 Contra
671 794 798 861 mulieri
818 795 961 862 nondum
983 796 1172 879 collocatae,
1194 791 1301 859 simul·

83 900 187 978 atque
219 897 323 982 pubes
349 897 438 964 facta
460 896 555 982 θεῖ’),
582 897 719 983 epitropi
746 899 818 964 loco
845 898 957 983 kyrios
990 899 1139 964 nimirum
1168 894 1302 962 exsistit.

84 998 161 1064 Hoc
191 1000 251 1064 etsi
277 1000 449 1083 negabitur
476 1022 497 1066 a
524 1001 623 1085 nullo,
650 1005 759 1066 tamen
782 1001 965 1069 Oaillemeri
987 1001 1148 1069 sententia
1168 995 1301 1085 probari

84 1101 216 1184 nequit:
245 1122 317 1168 cum
345 1104 561 1189 compluribus
589 1109 732 1169 veterum
759 1110 926 1171 auctorum
954 1106 1036 1171 locis
1057 1104 1173 1170 mulier
1193 1100 1300 1167 matri-
1350 1169 1355 1180 ‚

85 1206 198 1271 monio
227 1204 385 1292 dirempto
414 1206 520 1273 redire
549 1206 675 1273 dicatur
696 1206 740 1273 ad
762 1190 891 1293 kyrium
913 1209 968 1292 qui
989 1228 1061 1275 eam
1083 1205 1299 1287 collocaverit,

88 1308 159 1373 iam
188 1317 285 1375 antea
312 1329 352 1375 ex
381 1310 526 1395 epitropo
548 1310 677 1395 kyrium
700 1310 821 1376 factum
842 1310 955 1377 videri.
999 1311 1044 1376 At
1062 1311 1200 1395 primum
1222 1307 1301 1372 nihil

85 1430 172 1497 opus
196 1418 244 1478 est
265 1418 417 1479 accurate
438 1412 504 1478 illis
532 1413 612 1478 locis
633 1432 712 1479 voce
733 1412 838 1499 κύριος
860 1408 1036 1498 significari
1056 1414 1179 1479 tutelae
1199 1430 1302 1496 genus

84 1513 177 1597 quod
204 1520 303 1581 antea
330 1515 441 1580 fuerit:
471 1513 588 1581 deinde
614 1516 708 1582 titulo
730 1516 788 1582 illo
810 1517 911 1583 Tenio
933 1517 1049 1603 pupilli
1071 1535 1197 1600 quoque
1218 1520 1300 1580 tuto·

84 1636 158 1681 rem
190 1618 320 1702 publice
351 1618 480 1703 kyrium
513 1619 674 1703 appellari
705 1618 873 1685 discimus:
906 1618 944 1684 cd
975 1618 1080 1704 κύριος
1101 1612 1304 1703 Ἀνδρογὲνης

85 1720 250 1803 (Newton,
274 1720 382 1787 Greek
402 1720 487 1787 insor
508 1720 541 1785 Π
562 1721 592 1788 N
613 1722 675 1785 377
698 1742 719 1786 v
740 1722 785 1807 6).

174 1823 352 1907 Legitimus
380 1823 452 1906 quis
479 1829 528 1889 est
555 1829 641 1889 tutor
674 1824 840 1889 mulieris?
888 1824 1094 1891 Atheniensis
1120 1844 1184 1890 non
1206 1824 1302 1888 collo

85 1931 185 1992 eatae
218 1926 330 2011 kyrios
364 1926 561 2009 intellegitur
594 1945 634 1991 ex
667 1928 740 2010 lege
773 1947 856 2009 quae
889 1928 931 1994 de
964 1928 1097 2012 engyesi
1130 1933 1179 1992 est
1211 1923 1300 2011 apud

84 2028 337 2095 Demosthenem
357 2028 471 2113 XLVI,
496 2030 551 2095 18:

132 2130 173 2217 ῆν
200 2130 238 2197 ἂν
264 2129 405 2218 ἐγγυήογ]
435 2132 484 2196 ἐπὶ
512 2131 640 2209 δικαίοις
667 2131 812 2218 δάμαρτα
839 2134 916 2200 εἶναι
941 2132 965 2219 ἢ
991 2132 1097 2217 πατὴρ
1121 2131 1144 2217 ἦ
1167 2128 1302 2215 ἀδελφὸς

75 2233 78 2237 ’
132 2228 301 2321 ὁμοπάτωρ
332 2233 355 2319 ἧ
386 2234 513 2312 πάππος
549 2234 566 2299 ὁ
602 2234 679 2319 πρὸς
713 2234 845 2320 πατρός,
880 2237 918 2301 ἐκ
943 2234 1058 2320 ταύτης
1086 2236 1162 2301 εἶναι
1188 2235 1301 2310 παῖδας

131 2337 292 2423 γνησίους.
322 2336 376 2404 ἐὰν
404 2339 440 2401 δὲ
466 2339 573 2425 μηδεὶς
599 2336 622 2423 ᾗ
643 2336 769 2423 τούτων,
791 2339 846 2403 ἐὰν
867 2341 922 2424 μὲν
944 2336 1111 2423 ἐπίκληρός
1131 2360 1175 2414 τις
1195 2334 1228 2422 ἦ,
1249 2334 1302 2400 τὸν

131 2439 238 2527 κόριον
259 2442 352 2528 ἔχειν,
376 2442 430 2506 ἐὰν
451 2442 487 2505 δὲ
508 2439 552 2528 μὴ
574 2438 606 2528 p',
629 2440 690 2528 ὅτῳ
705 2440 743 2506 ἂν
763 2441 923 2529 ἐπιτρέψῃ,
942 2441 1049 2506 τοῦτον
1063 2439 1169 2526 κύριον
1183 2438 1300 2525 elaad).

88 2562 189 2628 Cuius
225 2562 308 2646 legis
343 2581 421 2648 pars
458 2569 602 2629 extrema
632 2569 847 2629 controversa.
905 2561 1069 2627 Adversus
1105 2559 1300 2626 Salmasium

87 2671 122 2731 et
154 2661 412 2750 Wesselingium,
446 2666 562 2748 quibus
596 2665 664 2732 filia
696 2666 895 2733 hereditaria
927 2673 1001 2753 post
1031 2672 1166 2731 mortem
1194 2663 1301 2729 mariti

87 2767 201 2834 venire
227 2766 355 2834 videtur
382 2769 416 2833 in
443 2768 512 2834 eius
534 2768 683 2852 tutelam,
713 2771 764 2836 cui
791 2790 850 2856 per
877 2774 1104 2836 testamentum
1126 2767 1183 2832 ille
1204 2765 1302 2831 tradi-

89 2869 191 2955 derit,
240 2871 364 2936 Heffter
399 2871 461 2937 hoc
497 2870 708 2950 contendit⁴):
757 2872 926 2958 Epicleros
958 2871 985 2936 si
1020 2877 1127 2935 tutore
1157 2869 1301 2952 legitimo

86 2955 218 3022 omnino
234 2963 323 3022 caret
344 2957 522 3042 propinquo
537 2957 589 3023 oui
604 2958 725 3023 nubere
746 2957 859 3043 possit,
879 2964 1019 3022 tutorem
1040 2956 1103 3022 sibi
1118 2955 1190 3040 ipsa
1212 2955 1303 3038 eligit

89 3059 189 3124 etiam
223 3065 315 3125 extra
344 3058 502 3125 familiam
533 3058 676 3125 nubendi
708 3061 804 3126 venia
835 3060 1011 3146 aceeptall.
1054 3060 1153 3123 Recte
1185 3057 1300 3123 neutri.

89 3163 211 3229 Contra
242 3161 425 3228 Odofredus
457 3161 574 3226 Mtller
605 3162 653 3227 ita
687 3161 872 3248 explicat⁶):
916 3162 952 3227 Si
985 3180 1025 3226 ex
1053 3160 1103 3225 his
1130 3160 1302 3245 superstite
1388 3186 1392 3191 ·

88 3263 180 3330 nullo
212 3262 280 3330 filia
313 3271 363 3331 est
396 3264 563 3349 epioleros,
597 3264 711 3346 kyrios
743 3264 778 3328 id
811 3271 860 3330 est
892 3282 1011 3348 genere
1037 3262 1201 3348 proximus
1229 3281 1301 3327 eam

89 3365 225 3448 duoit03w
244 3366 272 3432 si
299 3365 415 3450 minus,
445 3366 534 3432 velut
561 3366 671 3433 fratris
693 3366 759 3432 filio
782 3369 963 3452 superstite,
984 3366 1037 3431 hic
1058 3383 1176 3448 genere
1197 3365 1302 3450 proxi-

90 3487 161 3533 mus
194 3469 371 3552 cuicunque
403 3468 491 3534 volet
519 3487 592 3534 eam
620 3469 789 3536 collocato.
832 3470 992 3536 Probatur
1018 3467 1096 3532 mihi
1123 3467 1205 3533 haec
1232 3487 1301 3532 sen-

89 3571 201 3637 tentia.
244 3571 288 3638 Ut
316 3577 423 3636 autem
445 3569 676 3656 Schellingium
692 3579 724 3637 et
737 3571 930 3655 Desjardins
952 3571 1145 3655 omittamus,
1167 3589 1302 3652 quorum

178 3845 199 3917 ¹)
233 3847 267 3902 In
293 3845 435 3902 Saxonum
460 3845 522 3900 iure
548 3861 606 3901 non
632 3847 730 3902 adulta
752 3861 841 3902 uxore
862 3848 966 3902 tutoris
988 3845 1135 3915 pupillaris
1157 3845 1219 3898 iura
1237 3860 1300 3898 eum

93 3933 186 3988 mariti
203 3932 311 3988 iuribus
329 3936 513 3988 concurrunt:
533 3931 577 3988 cfr
594 3931 728 4002 Schmidt,
746 3933 942 4004 Vorlesungen
959 3934 995 4001 Π,
1012 3934 1054 3987 99.

176 4021 198 4091 ²)
233 4021 277 4076 De
293 4020 418 4090 legitima
435 4023 530 4074 aetate
546 4018 614 4075 nibil
631 4021 761 4076 traditur.

178 4107 199 4176 ⁶)
236 4105 287 4161 Cir
304 4106 461 4162 Thalheimi
478 4106 586 4176 Antiqu
604 4105 701 4161 forens
719 4125 738 4178 p
755 4107 774 4164 8
790 4109 879 4164 adnot
896 4107 913 4160 2
931 4108 967 4162 de
984 4105 1037 4160 hac
1055 4105 1126 4174 lege.

176 4194 198 4264 ⁴)
233 4193 328 4249 Athen
346 4191 648 4264 Gerichtsvert'arsung
664 4212 683 4263 p
702 4194 744 4248 74.

178 4279 198 4349 ⁶)
234 4280 285 4335 Gir
301 4282 438 4350 Plattner,
455 4280 588 4350 Boitrltge
606 4297 625 4350 p
645 4281 702 4336 118.
719 4311 753 4322 -
773 4282 795 4348 θ)
829 4278 945 4335 Dorior¹
963 4280 999 4348 11,
1016 4279 1066 4332 194
1083 4277 1172 4332 adnot
1189 4279 1213 4330 2.
