3050 5025
758 337 961 434 -Ῑὲ,

253 547 349 612 sitnm
365 553 461 629 emat,
485 544 628 611 mulieris
643 545 743 612 frater
758 544 886 610 nomine
900 543 1095 610 Pachnumis
1116 544 1342 612 auctoritatem
1356 545 1474 627 kyrios

253 649 427 735 interponit
440 648 476 733 ¹):

295 750 475 838 Θινζμεπώς
497 748 575 838 μετά
597 750 704 835 κυρίου
725 756 780 816 τοῦ
802 749 993 836 ὁμοπατρίου
1016 772 1075 836 μου
1097 748 1236 835 ἀδελφοῦ
1256 749 1472 837 Παχνοιίμιοςι

253 856 308 939 qni
329 856 363 920 in
378 853 573 940 perficiendo
587 854 716 937 negotio
731 854 802 940 ipse
817 874 882 919 non
897 853 1007 919 adest:
1031 853 1109 936 μετὰ
1124 853 1232 938 κυρίου
1250 853 1286 919 οὐ
1308 853 1471 940 παρόντος.

253 957 368 1023 Mulier
391 977 483 1023 suum
505 957 608 1042 ipsius
639 977 755 1023 nomen
777 958 989 1023 instrumento
1022 961 1113 1022 notat
1140 961 1197 1023 aut
1223 978 1281 1042 per
1302 958 1472 1025 Socratem

253 1060 358 1125 notari
380 1060 471 1126 iubet
504 1065 677 1145 propterea
710 1058 797 1142 quod
831 1059 972 1125 scribere
1004 1059 1108 1125 nescit
1140 1060 1203 1138 (διὰ
1229 1059 1264 1123 τὸ
1291 1060 1335 1146 μὴ
1358 1058 1473 1125 εἰδέναι

255 1161 351 1249 αὐτὴν
372 1162 564 1250 γράμματα),
588 1167 620 1227 et
635 1162 785 1246 legimus:
810 1159 947 1247 ἐώνημαι
962 1160 1073 1239 καθώς
1094 1160 1311 1248 πρόςτιειταῦ).
1345 1163 1473 1228 Tamen

255 1266 352 1332 etiam
374 1266 407 1332 in
430 1266 640 1351 Aegyptiacis
661 1265 778 1331 litteris
800 1265 974 1330 invenitur:

297 1368 530 1456 προηνέγκαντο
553 1368 639 1454 παρά
660 1366 814 1454 Λοβάϊτος
834 1374 890 1453 τῆς
907 1365 1037 1452 Ἐριέως
1059 1366 1218 1451 ἐωνῆσθαι
1229 1368 1265 1452 ³),

257 1493 328 1539 cum
351 1472 404 1538 hic
425 1473 540 1538 tutoris
562 1471 632 1537 fieri
653 1472 847 1537 mentionem
868 1489 1000 1556 prorsus
1021 1468 1103 1535 nihil
1123 1469 1259 1536 intersit.

340 1591 503 1677 Empticni
536 1590 650 1657 similis
683 1589 853 1657 conductio
883 1596 945 1656 est:
979 1609 1021 1655 ne
1049 1589 1133 1658 hanc
1169 1590 1298 1674 quidem
1331 1590 1474 1658 lemicae

256 1694 413 1761 conficere
435 1694 521 1759 licet.
570 1694 661 1759 Unus
687 1697 796 1758 exstat
822 1693 934 1760 titulus
962 1713 1026 1758 non
1052 1695 1186 1776 integer,
1219 1694 1274 1776 qui
1301 1693 1411 1779 Olymi
1439 1694 1474 1758 in

256 1796 376 1883 oppido
405 1796 521 1862 Cariae
554 1795 702 1861 inventus
734 1796 865 1862 nomina
898 1795 1025 1862 Graeca
1051 1816 1115 1861 non
1147 1797 1293 1863 Romana
1325 1795 1426 1862 habet
1437 1797 1473 1875 ⁴).

256 1899 307 1965 De
329 1899 431 1965 sacris
453 1900 568 1982 agitur.
611 1898 764 1981 Legimus
785 1898 882 1965 haec:

299 2001 459 2087 παρούσης
495 2002 551 2086 τῆς
586 2002 683 2079 δεῖνος
714 2007 770 2087 τῆς
798 1999 1029 2087 Ἀσκληπιάδου
1063 1998 1141 2087 μετά
1173 1999 1281 2085 κυρίου
1314 2001 1369 2065 τοῦ
1402 2001 1471 2065 υίοῦ

296 2104 492 2190 Ἀριστίππου
513 2105 567 2170 τοῦ
590 2104 719 2171 Φανίου.

410 2334 469 2437 12.
522 2330 587 2403 De
614 2329 764 2404 dando
791 2328 1109 2428 sumendoque
1134 2340 1303 2403 mutuo.

342 2484 384 2548 Et
411 2483 444 2548 in
478 2482 585 2551 dando
618 2490 727 2551 mutuo
762 2490 794 2550 et
829 2484 862 2550 in
895 2483 1050 2551 sumendo
1083 2503 1164 2569 opus
1197 2490 1246 2552 est
1278 2486 1473 2553 auctoritate

258 2588 383 2653 tutoris.
446 2587 599 2655 Nicareta
643 2587 775 2671 quidem
812 2587 972 2673 Thespias
1022 2587 1146 2654 civitati
1186 2587 1472 2655 Orchomenicrum

260 2689 485 2756 drachmarum
509 2691 635 2756 circiter
657 2689 770 2755 XVIII
793 2690 882 2756 milia
905 2690 1017 2757 credit.
1068 2691 1256 2776 Complures
1278 2698 1408 2758 exstant
1431 2690 1472 2757 dc

259 2792 316 2860 illo
339 2793 468 2877 negotio
490 2793 577 2859 tituli
585 2793 621 2873 ⁶).
663 2795 701 2858 In
716 2814 736 2858 v
751 2793 792 2859 62
808 2813 868 2876 sqq
879 2793 945 2879 (D),
968 2793 1084 2877 quihus
1099 2799 1250 2878 quattuor
1263 2793 1473 2880 pensionibus

260 2895 381 2962 femina
403 2916 562 2963 summam
584 2895 684 2981 dedit,
708 2916 767 2962 eae
790 2903 1029 2962 enumerantur:

303 2998 477 3085 Ξενοκρίτου
488 2998 728 3086 Ἀλαλκομενίιυ·
755 2997 915 3084 Νικαρέτα
929 2996 1053 3077 Θέωνος
1067 2999 1122 3078 τάς
1135 2997 1242 3076 πόλιος
1259 2997 1472 3085 Ἐρχομενίιυν

302 3103 345 3187 αὴ
368 3109 412 3167 τῶ
435 3101 555 3190 ἐγγούω
578 3101 696 3180 Θίιυνος
717 3101 863 3189 Συννάρω
890 3099 930 3167 τά
956 3099 1104 3188 γράματα
1131 3103 1242 3188 μούριη
1271 3100 1471 3188 ὀγδοείκοντα

303 3204 393 3270 πέντε
415 3205 481 3270 διοῢ
504 3203 619 3292 dholian
641 3203 684 3290 κή
706 3206 751 3271 τά)
772 3205 893 3292 calipto)
908 3204 1029 3289 Ficrop
1048 3203 1249 3291 Ἀριστόνικος
1263 3204 1470 3290 Πραξιτὲλιος,

348 3477 371 3544 ¹)
406 3477 459 3532 Hic
486 3480 531 3532 est
556 3492 682 3548 papyrus
710 3477 876 3533 Galaticus:
904 3478 948 3535 cfr
974 3477 1101 3536 Schmidt
1125 3479 1168 3534 11
1194 3483 1225 3534 et
1242 3479 1397 3549 Oaillemsr,
1414 3480 1470 3536 Les

260 3579 387 3634 rasurus
404 3580 423 3633 υ
441 3563 476 3617 22
495 3579 536 3634 rn-
1300 3561 1303 3570 '
1427 3591 1430 3598 ·

346 3649 372 3718 ²)
409 3649 460 3705 Ofr
485 3651 521 3705 dc
552 3649 606 3706 hac
637 3666 669 3707 ra
701 3650 827 3708 Schmidt
859 3669 878 3722 p
904 3652 956 3708 287
985 3658 1015 3708 ct
1045 3652 1271 3709 manumissionis
1293 3653 1405 3708 titulum
1433 3654 1469 3709 ab

262 3737 451 3806 Amphiaraus
470 3735 566 3792 factas
578 3739 641 3792 Bnll
660 3738 695 3794 de
714 3754 781 3794 corr
797 3739 853 3794 hell
873 3738 948 3809 1881,
965 3756 984 3808 p
1002 3740 1068 3794 451:

295 3823 479 3891 Χειρόγραφον
507 3825 675 3893 Κριτοδάμου
704 3827 845 3892 Δωροθέου
874 3829 976 3893 Δελφοῦ
999 3824 1066 3893 ὑπὲρ
1088 3826 1216 3894 Ζυπυραν
1239 3826 1468 3894 Μονάνορου····

292 3905 444 3977 Ἀμφιοοίοα
467 3913 604 3977 παροῦσαν
625 3916 673 3964 καί
694 3912 858 3966 κολειίουσαν
878 3912 990 3981 γράφειν
1011 3911 1078 3980 ὑπὲρ
1102 3909 1192 3980 adroic,
1216 3917 1273 3966 iusi
1290 3915 1383 3982 ἔλεγεν
1400 3910 1467 3968 αὐτοὶ

295 3997 440 4065 γράμματα
458 3997 494 4065 μὴ
513 4001 617 4052 εἰδέναι.
635 3993 751 4053 ἀπέδοτο
770 3999 884 4067 Ζωπύρα
900 4000 1052 4067 Μενάνδρου
1062 3995 1192 4067 Ἀμφισοίς
1205 4001 1242 4068 τῷ
1250 3996 1398 4069 Ἀοκλαπιῷ
1409 4006 1466 4057 κτλ.

349 4084 370 4153 ⁸)
405 4083 433 4140 A
449 4084 572 4155 Peyron,
589 4085 650 4155 Pap
670 4085 772 4142 Graeci
790 4087 897 4142 Taurin
914 4087 976 4142 llus
994 4089 1008 4143 1
1024 4104 1044 4157 p
1062 4087 1104 4141 26.

346 4169 370 4238 ⁴)
404 4170 446 4225 Lc
463 4171 529 4239 Bas,
546 4171 617 4227 Asis
634 4173 691 4228 min
708 4173 734 4229 N
751 4172 837 4243 32314.

349 4257 374 4324 ⁵)
409 4256 542 4328 Foucart,
568 4259 633 4314 Bnll
658 4261 694 4315 de
720 4275 787 4316 corr
812 4260 868 4316 hell
894 4260 935 4316 III
962 4264 991 4316 et
1016 4261 1066 4318 IV.
1101 4259 1225 4332 hatfeld,
1252 4259 1368 4332 Sylloge
1389 4263 1466 4320 Iuscr

261 4343 353 4398 Bosct
370 4342 396 4399 N
415 4343 455 4400 16.
