3050 5025
747 416 753 421 .
772 325 949 421 ,ἐξ

245 530 502 619 possessionibus
524 532 621 597 etiam
643 529 676 594 in
698 528 837 597 Graeoia
857 531 1066 616 prohibentur
1078 532 1111 616 ιλ,
1132 533 1219 617 quod
1240 534 1309 599 sine
1323 533 1452 600 civitate

245 634 407 719 possessio
423 634 558 717 oogitari
573 635 699 716 nequit:
721 633 872 701 mulieres
886 639 995 700 autem
1018 634 1125 703 offieia
1147 637 1255 703 oivilia
1277 658 1341 703 non
1363 657 1454 722 prae-

245 741 340 803 stant.
384 734 507 812 Quodsi
528 736 561 802 in
582 735 684 801 titulis
706 734 945 821 hypotheoariis
967 758 1040 803 oum
1054 739 1186 806 aliunde
1200 747 1267 806 tum
1289 760 1329 806 ex
1345 740 1453 807 Attioa

247 841 356 907 allatis
378 842 460 907 haee
482 842 550 925 fere
571 858 698 925 semper
719 842 821 908 verba
841 841 1003 925 leguntur:

289 942 360 1029 ὅρος
381 943 498 1029 χωρίου
526 943 559 1009 ἐν
580 945 684 1028 προικὶ
706 941 970 1031 ἀποτετιμημὲνου
997 950 1037 1031 τῇ
1064 945 1147 1029 δεῖνι,

245 1048 342 1113 tutori
371 1046 478 1113 verius
499 1046 642 1112 mulieris
664 1066 760 1129 quam
782 1046 857 1114 huio
877 1048 941 1133 ipsi
961 1069 1019 1134 pro
1042 1047 1117 1114 dote
1139 1047 1231 1113 fundi
1252 1048 1455 1133 oppignorati

246 1156 329 1216 sunt.
360 1150 479 1214 Verum
500 1148 598 1236 plane
620 1154 652 1213 et
674 1155 786 1235 aperte
806 1151 840 1215 in
861 1151 980 1217 tabulis
999 1151 1120 1236 Tenba,
1142 1171 1226 1234 quae
1250 1150 1456 1217 fundosven-

245 1252 330 1318 ditos
355 1252 528 1337 continent,
556 1252 746 1319 feminarum
773 1254 993 1339 possessiones
1020 1259 1236 1338 agnoscuntur
1248 1253 1283 1336 ²).
1324 1254 1392 1321 Neo
1420 1254 1454 1319 in

244 1355 371 1421 Lesbiis
391 1376 542 1439 agrorum
565 1356 811 1441 commentariis,
833 1376 915 1439 quos
932 1357 1016 1421 inter
1029 1355 1215 1422 Macedonis
1229 1354 1407 1423 Alexandri
1422 1364 1456 1422 et

243 1458 371 1544 imperii
390 1458 526 1528 Romani
546 1464 692 1543 tempora
707 1459 901 1544 oompositos
920 1459 1123 1531 EFabrioius
1136 1460 1318 1544 nuperrime
1332 1459 1455 1545 publioi

248 1562 327 1628 iuris
348 1560 425 1627 feeit
437 1560 472 1647 ³),
494 1561 645 1629 mulieres
667 1582 731 1631 non
752 1562 946 1632 invenimus:
969 1563 1025 1631 ubi
1045 1564 1078 1629 in
1092 1583 1128 1661 a
1142 1562 1302 1649 particula
1322 1563 1454 1647 legitur:

289 1681 339 1746 ἐπὶ
359 1678 520 1766 πρότιὶνιός
548 1679 689 1767 Ξενοιιλῆ
718 1680 947 1767 συνταλόπαροι
974 1680 1087 1761 Σεζεία
1109 1680 1242 1767 Ἀρισιία
1271 1680 1452 1769 Τιμαρχεόω

287 1782 434 1871 ἀμπέλων
466 1782 555 1870 μόροι
586 1783 753 1850 πέντιιια
752 1785 846 1850 isat
877 1784 990 1850 Katre)
1007 1784 1111 1871 μόροι
1142 1794 1222 1871 τρεῖς
1254 1786 1309 1849 καὶ
1340 1784 1452 1870 Κρινλα

288 1885 467 1973 Τιμαρχεόω
490 1886 540 1951 ἐπὶ
560 1885 628 1951 Kert‘
625 1908 672 1951 ιιω
695 1886 789 1973 μόρος
794 1887 834 1972 ⁴.)

245 2016 277 2075 et
298 2008 332 2073 in
360 2026 379 2073 e
349 2006 574 2104 particula.

289 2129 339 2193 ἐπὶ
355 2120 521 2213 προτάνιος
542 2125 672 2192 boveiam
690 2124 956 2214 Ἑλλανοιιριιτεια
980 2126 1139 2213 Ἀντιγόνω
1167 2126 1313 2214 ἀμπέλων
1340 2126 1454 2214 μόρους

289 2232 321 2298 ἐν
341 2228 476 2316 Δρομόιει
499 2228 564 2295 δύο.

244 2352 350 2435 Atque
380 2351 478 2417 etiam
505 2347 668 2416 derebus
695 2331 1024 2417 Lacedaemoniorum
1050 2351 1132 2434 haee
1160 2349 1238 2416 dioit
1259 2350 1452 2416 Aristoteles
1519 2361 1520 2402 ι

243 2455 316 2535 (1³01
337 2454 378 2538 ιι,
401 2454 431 2538 ι,
456 2450 524 2540 11).

287 2575 415 2640 ἔστιδὲ
441 2572 575 2639 καὶτῶν
602 2556 756 2660 γυνιιιιιῶν
783 2573 897 2659 σχεδὸν
922 2574 978 2659 τῆς
1005 2569 1108 2659 πόσης
1135 2571 1242 2660 χώρας
1274 2574 1335 2640 τῶν
1361 2572 1454 2639 πέντε

155 2745 160 2754 ,
287 2683 388 2764 μερῶν
409 2674 454 2741 τὰ
471 2672 535 2740 δόο.

243 2779 393 2846 Theraeo
413 2778 563 2863 Epicteto
528 2775 701 2844 tfundos
722 2777 821 2843 babet
807 2777 869 2861 t⁶):

287 2899 362 2978 ὥςτε
384 2897 570 2998 όφείλεσθριι-
590 2895 684 2975 αὐτὰς
700 2898 749 2962 ἐπὶ
763 2904 825 2975 τοῖς
839 2895 1015 3000 ὑπάρχουσί
1029 2919 1087 2984 μου
1103 2897 1302 2986 αὐτοκτήτοις
1316 2899 1453 2985 χωρίοις.
1519 2900 1520 2919 ³

244 3019 478 3104 Posterioribus
517 3018 615 3102 igitur
652 3017 850 3104 temporibus
886 3025 919 3084 et
961 3019 994 3084 in
1026 3019 1144 3086 Ionicis
1183 3026 1216 3085 et
1247 3019 1280 3084 in
1312 3020 1457 3087 Aeoliois

245 3131 278 3192 et
298 3121 481 3189 inDoriois
502 3120 686 3224 civitatibus
700 3121 922 3208 possessiones
936 3121 1063 3189 feminis
1084 3128 1166 3189 sunt
1210 3122 1457 3190 Vetustissimos
1519 3142 1520 3159 ι

243 3333 445 3345 ———

244 3467 306 3523 Hoo
325 3471 371 3522 est
387 3467 513 3520 mutuum
531 3463 608 3534 qnod
625 3462 731 3520 habore
754 3477 818 3518 sere
842 3461 991 3519 confitetur
1013 3463 1050 3518 ab
1068 3463 1131 3534 illis,
1149 3451 1254 3533 'nempe
1272 3463 1309 3520 ab
1326 3464 1458 3520 Harsiesi

246 3559 276 3610 et
294 3554 354 3608 eins
372 3555 469 3621 patre:
487 3549 584 3607 verbis
603 3545 665 3603 ἀνθ’
686 3547 721 3603 riv
739 3553 785 3604 ete
803 3547 874 3605 haee
891 3550 1075 3619 explioantur.

332 3640 353 3708 1)
389 3638 496 3708 Antiqu
514 3636 696 3705 forensp5.
732 3635 852 3707 (tilbert,
868 3636 977 3707 Antiqn
993 3637 1101 3706 publI,
1119 3637 1168 3690 171
1188 3641 1218 3691 et
1236 3636 1294 3692 173.

329 3726 343 3758 ,
669 3739 671 3746 .

333 3728 353 3882 ’λ
386 3723 580 3881 lciifrrttgildrdngen
598 3811 617 3865 d
634 3807 749 3866 arobtol
766 3808 827 3864 Inet
846 3807 921 3878 1884,
937 3825 957 3878 p
974 3807 1017 3863 88

246 3899 249 3906 ’
329 3899 352 3970 ⁴)
387 3898 485 3955 Verba
502 3896 621 3965 Ξενόκλῆ
638 3891 835 3962 σιντσλιὶιιιιροι
852 3909 909 3949 non
926 3895 996 3950 satis
1008 3869 1101 3950 adhue
1113 3895 1261 3966 explicata,
1273 3912 1336 3951 oum
1348 3898 1456 3953 erroris

244 3987 369 4058 suspirio
387 3985 416 4039 in
434 3983 556 4039 scribam
574 3981 677 4037 eadere
694 3995 751 4036 non
768 3981 910 4037 videatur.

331 4074 356 4141 ⁶)
391 4071 429 4128 01
454 4071 490 4140 Π,
519 4067 588 4124 2448
615 4083 626 4122 1
652 4072 728 4123 extr.
756 4067 801 4124 ofr
821 4069 953 4154 Darassa,
982 4070 1148 4126 Testament
1175 4052 1457 4138 supputationi*

244 4176 332 4218 revue
349 4159 407 4214 bist
425 4158 461 4213 de
479 4157 555 4212 droit
572 4154 640 4210 1882
657 4156 699 4212 VI
715 4171 734 4224 p
753 4154 818 4209 252:
855 4156 1003 4225 „Epicteto
1020 4156 1159 4211 constitue
1177 4159 1253 4210 cette
1270 4155 1456 4226 hypothsque

244 4261 294 4306 sur
312 4249 358 4302 ses
371 4245 546 4314 aequorea(
514 4235 719 4312 (αότοιιτητοις).
755 4243 798 4297 La
819 4243 858 4297 loi
880 4243 916 4298 de
939 4241 1039 4312 Thera,
1057 4258 1165 4298 oomme
1180 4245 1211 4299 ia
1227 4242 1267 4297 loi
1284 4241 1407 4297 oretoire
1426 4247 1458 4298 et

244 4348 351 4393 oomme
377 4333 404 4386 le
429 4331 484 4386 lois
503 4329 657 4386 'doriennes
679 4343 713 4383 en
739 4329 863 4400 general,
886 4328 1052 4400 distinguait
1071 4334 1151 4384 entre
1167 4329 1210 4384 les
1228 4330 1347 4400 aequets
1364 4334 1394 4383 et
1411 4329 1456 4384 λιιι

1519 2708 1521 2797 λ
