3050 5025
838 317 880 385 22

757 410 818 418 ι-
832 414 959 419 .--.-

252 524 363 591 munia
385 534 457 593 sunt
479 526 556 594 viris
578 534 611 594 et
632 528 820 595 mulieribus
841 528 912 594 iura
939 564 977 575 -—
1000 528 1144 595 named
1165 529 1348 597 sacerdotia
1370 550 1466 613 qnae-

251 626 327 693 dam
343 628 482 696 feminae
496 632 688 716 perveniunt
701 633 725 714 ¹)
739 652 800 697 nec
814 631 921 695 iurare
935 636 1085 697 vetantur
1097 631 1120 716 ²)
1136 670 1176 681 -·
1191 638 1259 698 tum
1273 634 1467 717 a-religione

253 730 335 795 illud
358 732 510 799 abhorret
531 733 688 820 impedire
710 755 774 817 quo
797 734 869 818 quis
890 734 995 800 minus
1017 734 1079 801 diis
1101 734 1270 802 donarium
1293 736 1357 802 det

336 852 425 918 Unus
437 859 544 919 exstat
551 854 662 920 titulus
669 854 826 939 Mylasius
842 855 906 939 qui,
922 876 994 921 cum
1001 857 1275 923 consecrationem
1291 857 1466 941 contineat,

250 954 365 1020 tutoris
387 976 503 1021 nomen
526 957 671 1023 exhibet:

286 1054 463 1143 Ἀρτεμισία
494 1058 660 1146 Παμφίλου
693 1060 784 1145 ίέρηα
816 1060 981 1146 Νεμέσεως
1020 1060 1098 1147 μετὰ
1130 1063 1239 1148 κυρίου
1271 1063 1325 1127 τοῦ
1353 1060 1467 1148 ἀνδρὸς

292 1160 454 1227 Μενίππου
476 1170 530 1228 τοῦ
552 1163 693 1241 Μέλανος
716 1162 821 1247 ἱερέως
842 1162 978 1241 Πειθοῦς
1000 1162 1160 1250 ἀνέθηκεν
1180 1165 1216 1231 τό
1236 1188 1273 1231 τε
1295 1166 1382 1253 βῆμα
1408 1170 1468 1230 καί

292 1265 327 1328 τὸ
351 1264 478 1352 ἄγαλμα
505 1268 560 1331 καί
589 1266 629 1331 τοὶ
657 1267 711 1332 οὐν
738 1262 822 1352 αὐτῷ
848 1266 982 1352 Νεμέσει
1007 1271 1063 1337 καί
1093 1269 1138 1354 τῷ
1170 1268 1271 1356 δήμῳ.
1315 1270 1400 1349 (Bull
1424 1269 1469 1334 de

178 1398 180 1407 ¹
293 1388 365 1433 corr
386 1368 493 1435 hellen
516 1371 608 1454 1881,
631 1392 652 1455 p
675 1369 738 1448 39.)

250 1470 364 1553 Neque
391 1491 467 1539 vero
501 1471 710 1539 omittendum
739 1471 867 1537 ridetur
894 1474 928 1537 in
964 1475 1072 1540 mariti
1109 1475 1211 1540 tutela
1245 1474 1329 1541 hano
1354 1475 1469 1540 mulie·

251 1593 319 1639 rem
348 1594 434 1641 esse:
470 1596 586 1662 nempe
613 1576 770 1641 bonorum
799 1578 1021 1644 communione
1055 1578 1110 1643 isti
1147 1577 1298 1661 coniuges
1333 1584 1470 1643 utuntur

251 1684 309 1745 aut
329 1680 439 1746 uxoris
468 1682 554 1747 bona
581 1680 715 1746 maritus
743 1678 948 1747 administrat
959 1680 998 1764 ⁸):
1032 1680 1147 1765 quodsi
1173 1681 1246 1767 ipsa
1275 1701 1470 1747 consecrare

250 1782 371 1849 femina
392 1784 519 1869 dicitur,
542 1786 672 1853 Nemesi
695 1791 864 1852 consecrat
885 1785 976 1850 cuius
997 1783 1180 1851 sacerdotio
1202 1791 1341 1869 praeest.

579 2022 612 2093 2.
667 2018 732 2092 De
757 2018 1136 2093 manumittendo.

336 2188 471 2256 Servum
493 2210 589 2255 mauu
617 2190 744 2257 mittere
777 2191 838 2256 hoc
871 2196 921 2255 est
953 2189 1111 2256 decedere
1144 2190 1186 2255 de
1218 2189 1359 2256 dominio
1388 2210 1466 2256 suo:
1517 2223 1518 2226 ¹

250 2312 291 2357 ne
313 2292 347 2357 id
370 2292 498 2376 quidem
520 2292 671 2358 mulieres
693 2292 802 2359 facere
823 2291 892 2358 sine
914 2294 1108 2359 auctoritate
1129 2293 1244 2359 tutoris
1272 2313 1368 2379 posse
1391 2313 1467 2359 eon·

250 2400 529 2461 seutaneumerat.
563 2396 606 2460 At
617 2396 763 2478 quamvis
776 2394 977 2461 abundemus
987 2396 1089 2461 titulis
1099 2395 1241 2479 undique
1253 2395 1466 2482 depromptis,
1517 2429 1518 2492 ρ

249 2518 413 2582 nunquam
435 2504 543 2566 tamen
565 2499 684 2565 mentio
706 2498 822 2566 tutoris
842 2498 888 2565 fit.
931 2499 981 2564 De
1002 2498 1245 2566 Atheniensium
1273 2498 1402 2583 quidem
1434 2506 1468 2565 et

249 2603 431 2688 Ionicarum
460 2602 625 2669 civitatum
651 2604 748 2668 rebus
780 2622 912 2688 prorsus
944 2602 1025 2667 nihil
1058 2609 1193 2670 constat.
1236 2603 1274 2668 Iu
1295 2602 1466 2687 Delphicis

250 2712 359 2770 autem
392 2706 674 2771 manumissionum
706 2705 825 2790 titulis,
862 2726 997 2788 quorum
1029 2707 1188 2772 maximus
1220 2726 1370 2772 numerus
1404 2713 1466 2790 est,
1516 2740 1517 2801 p

250 2808 391 2873 omnium
401 2808 523 2893 primus
538 2809 701 2892 Augustus
716 2808 849 2874 Boeckh
864 2810 979 2876 tutoris
993 2829 1110 2875 nomen
1124 2808 1311 2875 desiderare
1325 2808 1466 2894 videtur,

250 2931 321 2977 cum
344 2911 378 2977 in
400 2912 479 2978 011
503 2911 586 2977 1710
606 2919 679 2997 post
704 2913 804 2979 verba

291 3030 438 3098 Νεικοσώ
460 3031 609 3098 Σωσύλου
632 3030 683 3096 διὰ
703 3034 758 3098 τοῦ
779 3034 982 3119 προνοοῦντος
1009 3030 1106 3119 αὐτῆς
1124 3032 1232 3098 Λαίδα
1252 3039 1307 3098 τοῦ
1329 3084 1463 3104 ......

249 3154 400 3218 lacunam
422 3153 469 3219 ita
491 3153 636 3238 expleat:
659 3149 780 3238 ἀνδρός.
825 3155 942 3220 Verum
965 3160 998 3220 et
1019 3154 1094 3220 novi
1115 3153 1239 3237 aliquid
1261 3152 1464 3238 inauditique

250 3262 393 3321 statuere
413 3275 472 3342 per
487 3257 703 3322 coniecturam
719 3257 867 3325 dubitare
883 3257 1026 3323 debehat
1040 3277 1100 3323 neo
1115 3256 1157 3322 de
1171 3258 1274 3323 tutela
1291 3257 1463 3322 mulierum

249 3359 397 3444 usurpari
418 3365 526 3443 potest
547 3367 697 3443 προνοεῖν,
730 3360 817 3442 quod
849 3360 1011 3443 glossema
1038 3360 1219 3446 Hesychius
1245 3379 1325 3426 voce
1357 3360 1463 3446 ἐπιμε-

247 3461 373 3526 λεῖσθαι
404 3462 560 3546 explicat:
594 3461 783 3549 ἐπιμελητής
815 3469 923 3527 autem
956 3470 1084 3531 curator
1115 3464 1271 3530 minorum
1293 3469 1353 3531 est.
1396 3464 1465 3529 Sed

249 3565 330 3631 haec
351 3565 518 3650 inscriptio
539 3566 636 3649 longe
657 3567 740 3631 inter
761 3563 938 3649 Delphicas
960 3567 1182 3632 recentissima
1208 3566 1326 3633 aetatis
1354 3567 1464 3632 existi·

248 3672 354 3734 matur
368 3668 603 3755 Vespasianae‚
619 3690 690 3735 cum
706 3673 886 3734 ceterarum
901 3669 1077 3755 pleraeque
1091 3670 1222 3736 saeculo
1244 3669 1297 3735 πθ
1319 3669 1424 3734 altero
1438 3671 1462 3746 ⁴)

248 3779 404 3840 exaratae
425 3773 503 3838 sint:
527 3778 623 3856 atque
644 3773 714 3857 ipse
735 3771 792 3836 ille
814 3771 1035 3857 Vespasianus
1064 3773 1127 3866 line
1149 3773 1345 3840 Graecorum
1366 3773 1464 3839 liber·

334 4086 359 4153 1)
396 4082 608 4154 cfrp3.-—¹)
643 4077 876 4152 elrinfrsp69.

336 4173 361 4239 ¹)
396 4172 476 4226 velut
493 4172 522 4225 in
539 4170 627 4226 titulis
646 4171 895 4225 manumissionum
912 4169 1070 4224 Boeoticis:
1089 4169 1156 4224 vide
1172 4167 1248 4224 infra
1265 4185 1284 4238 p
1302 4169 1344 4223 44.

333 4259 359 4323 ⁴)
396 4258 470 4312 duae
488 4257 572 4313 etiam
594 4258 679 4312 tertio
703 4261 839 4312 excunte:
866 4256 1004 4312 Wescher
1022 4261 1053 4310 et
1069 4255 1192 4311 Foneart
1209 4257 1235 4312 Ν
1252 4256 1312 4311 407.
1330 4256 1381 4310 387
1388 4275 1395 4325 ;
1415 4253 1460 4310 cfr
1513 4316 1514 4325 ρ

245 4343 311 4414 Aug
329 4346 492 4416 Mommsen,
509 4345 673 4416 Philologus
692 4343 760 4399 1866
777 4345 874 4400 XXIV
891 4360 909 4411 p
931 4346 941 4397 l
964 4359 1026 4412 sqq.
