3050 5025
835 310 878 381 54

752 408 955 415 bun—.-

299 521 348 591 ἐπὶ
372 522 492 612 ἐφόρων
514 526 574 594 τῶν
596 525 651 593 σὺν
672 526 856 614 Φοιβοτίλει
877 525 953 592 τάδε
975 526 1099 592 διέθετο
1114 528 1229 593 νοοῦσα
1243 529 1298 592 καί
1312 524 1472 612 φρονοῦσα

288 622 464 715 Ἑπικτητα
500 630 625 716 Γρίννου
663 628 741 716 μετὰ
777 630 885 714 κυρίου
918 623 1116 716 Ὑπερείδους
1150 633 1205 696 τοῦ
1233 629 1470 716 Θρασυλέοντος

293 732 574 817 συνευαρεστούσας
596 736 650 798 καί
671 734 725 810 τᾶς
748 730 905 819 θυγατρὸς
923 724 1118 811 Ἐπιτελείας
1138 735 1193 811 τᾶς
1215 733 1368 811 Φοίνικος·

250 834 323 900 Νυυ
345 834 431 899 filiae
453 836 560 918 gratia
581 834 617 900 fit
640 841 877 917 testamentum,
907 855 991 917 quae
1014 836 1111 901 etiam
1133 838 1176 903 ab
1198 836 1353 903 intestata
1373 835 1471 901 heres

252 943 347 1021 esset,
375 958 447 1003 oum
474 958 535 1003 nec
558 938 674 1003 fratres
703 938 732 1002 ei
760 938 825 1001 sint
846 956 906 1001 nec
934 940 1068 1002 fratrum
1095 937 1154 1003 filii
1182 939 1386 1024 superstites:
1409 938 1470 1003 sed

251 1041 400 1105 societati
431 1040 684 1126 propinquorum
717 1040 821 1106 sacris
854 1039 1014 1105 faciundis
1047 1041 1189 1123 legatum
1213 1041 1395 1125 ascribitur,
1429 1062 1472 1107 ao

251 1142 365 1209 tutoris
398 1164 479 1229 opus
511 1150 561 1209 est
593 1144 795 1225 auctoritate,
829 1163 901 1208 oum
938 1144 1137 1209 consecratio
1169 1164 1233 1211 non
1267 1145 1318 1211 sit.
1373 1142 1471 1221 Quod

252 1246 410 1311 consentit
436 1245 504 1312 filia
511 1297 519 1331 ‚
552 1246 581 1312 is
613 1266 682 1312 mos
715 1246 911 1312 Graecorum
945 1252 1005 1329 est,
1038 1266 1079 1310 ne
1100 1252 1327 1313 testamentum
1349 1248 1470 1332 impro-

250 1350 344 1414 betur
358 1356 482 1434 postea.
505 1386 547 1397 -
569 1350 618 1416 De
633 1356 828 1417 testamento
843 1349 950 1432 agitur
964 1349 1110 1416 'Pheraeo
1125 1350 1220 1417 titulo
1236 1352 1350 1435 altero,
1372 1370 1472 1435 quem

250 1451 426 1519 admodum
448 1453 593 1520 dolemus
614 1453 799 1520 mutilatum·
820 1472 891 1517 esse
905 1453 943 1535 ηε

294 1555 397 1636 {dofle
418 1558 462 1641 τῷ
478 1558 584 1643 κοιν[ῷ
599 1558 660 1623 τῶν
672 1576 763 1592 ·····
776 1555 885 1641 γνώμα
898 1576 905 1590 ·
919 1560 1005 1640 ·]ρος
1026 1556 1080 1620 τοῦ
1103 1555 1195 1621 Πυθο
1209 1577 1345 1593 ·······
1359 1554 1470 1643 ἐπειδη

291 1656 413 1745 Ἀργέα
436 1657 457 1723 ἁ
478 1658 556 1726 Δίων
564 1665 611 1740 [ος
633 1665 675 1741 ··]
685 1660 774 1739 δοξος
801 1658 880 1723 οὖσα
907 1661 962 1723 καὶ
984 1658 1045 1744 δηλ
1058 1679 1171 1695 ······
1183 1661 1238 1737 τᾶς
1267 1661 1344 1739 ἰδίας
1371 1661 1471 1725 καλο-

294 1763 455 1847 καγαθίας
478 1785 498 1848 p
512 1783 624 1800 ······
649 1756 816 1828 ἀπολεῖπον
839 1763 870 1840 ἐς
891 1760 993 1827 πάντα
1019 1762 1073 1827 τὸν
1100 1761 1212 1850 χρόνον
1242 1764 1473 1850 ἐπαγγέλλεται

293 1866 336 1950 τῷ
358 1866 451 1951 κοινῷ
474 1863 618 1952 δραχμὰς
638 1865 854 1943 πεντακοσίας.

250 1967 302 2032 Ad
318 1988 413 2035 saera
427 1970 578 2036 facienda
594 1970 723 2036 cuidam
738 1970 886 2036 societati
901 1969 1002 2053 Argia
1019 1970 1189 2055 pecuniam
1201 1969 1273 2036 dat:
1292 1972 1472 2038 auotoritas

251 2070 366 2137 tutoris
399 2073 545 2155 quamvis
579 2073 781 2139 desideretur
812 2072 845 2137 in
879 2077 1087 2157 testamento,
1120 2093 1185 2138 non
1217 2079 1326 2140 tamen
1362 2074 1472 2160 ipsum

252 2182 479 2241 testamentum
512 2183 561 2242 est
592 2177 644 2243 bio
677 2177 798 2261 titulus,
832 2195 933 2259 quare
965 2174 1147 2241 mirandum
1180 2176 1270 2242 nibil.
1303 2215 1345 2226 —
1378 2177 1473 2244 Gom·

252 2287 446 2344 memoratur
468 2286 695 2347 testamentum
718 2280 857 2345 feminae
878 2280 912 2343 in
934 2279 1027 2346 titulo
1042 2278 1185 2363 Phrygio
1199 2279 1223 2366 ²)
1246 2281 1300 2345 ubi
1315 2281 1471 2365 legimus:

296 2382 338 2459 τίς
360 2380 376 2445 ὃ
399 2383 509 2469 χρῆμα
537 2386 592 2448 καί
612 2380 702 2448 ,κατὰ
730 2381 936 2468 την-ἐντολὴν
962 2382 1023 2448 τῶν
1051 2381 1166 2448 τέκνων
1196 2380 1339 2468 ὁπατηρ
1368 2377 1472 2452 αὐτῶν

293 2484 499 2574 Δημοσθένης
516 2479 777 2573 Ἀπολλοφάνους
799 2483 993 2572 Τηλεφιανὸς
1019 2488 1074 2551 καί
1088 2484 1225 2573 Ἀμμιον
1246 2486 1472 2574 Δημοσθένους

294 2587 316 2674 η
340 2588 442 2675 μήτηρ
466 2589 566 2657 αὐτῶν
581 2593 613 2658 ἐν
628 2593 675 2670 αίς
696 2592 806 2657 ἔθεντο
821 2590 992 2677 διαθήκαις
1013 2590 1179 2657 κατέλιπον
1199 2591 1302 2677 χωρία
1323 2591 1472 2678 τηπόλει

292 2693 478 2779 προςνέμειν.

175 2801 176 2804 ’
251 2797 402 2862 Attamen
424 2818 485 2863 nee
506 2798 611 2883 ipsum
633 2804 862 2864 testamentum
885 2804 933 2864 est
960 2804 996 2863 ut
1023 2818 1121 2884 supra
1156 2806 1187 2864 et
1220 2798 1336 2864 marito
1358 2799 1470 2864 nescio

252 2921 294 2965 an
318 2902 490 2987 superstite
512 2921 603 2968 suum
627 2902 775 2967 Ammion
797 2907 1022 2967 testamentum
1045 2901 1166 2968 fecerit.

614 3057 647 3127 Β.
685 3055 729 3126 Do
751 3055 922 3125 heredibus
946 3056 1107 3142 tepitimis.

563 3184 595 3252 1.
645 3178 710 3252 De
747 3178 1157 3254 descendentibus.

421 3305 506 3376 Num
528 3306 658 3374 filiabus
680 3328 745 3374 una
768 3328 839 3374 oum
860 3306 936 3373 filiis
958 3306 1122 3373 hereditas
1144 3307 1300 3392 obtingat.

340 3429 474 3495 Athenis
484 3429 509 3515 3)
536 3428 596 3494 filii
618 3429 659 3494 ab
682 3429 862 3495 hereditate
890 3427 1064 3495 excludunt
1091 3426 1189 3494 filias:
1217 3429 1333 3512 quibus
1359 3436 1469 3496 tamen

254 3533 395 3599 nondum
417 3532 524 3618 nuptis
547 3538 603 3598 aut
624 3551 682 3618 per
704 3539 932 3598 testamentum
953 3539 1047 3617 pater
1068 3537 1125 3598 aut
1146 3538 1220 3616 post
1242 3530 1310 3598 eius
1332 3539 1468 3599 mortem

251 3638 344 3702 heres
362 3635 469 3702 dotem
491 3635 599 3702 dicere
619 3637 703 3702 solet
715 3638 750 3720 ί),
772 3642 869 3720 atque
890 3637 938 3702 ita
957 3633 1147 3721 κληρονόμοι
1161 3656 1224 3701 vox
1238 3635 1467 3720 intellegenda,

341 3809 360 3880 1)
395 3808 707 3878 Ross,1nscr11,198.

339 3897 362 3964 ²)
398 3894 586 3964 clu1,3847
602 3906 629 3966 g
647 3921 679 3942 =
697 3897 738 3950 Le
756 3896 823 3965 Bas,
842 3894 911 3950 Asie
930 3895 986 3949 min
1006 3894 1081 3948 1006.

340 3985 360 4052 ²)
395 3985 439 4038 De
456 3984 517 4038 iure
535 3983 749 4039 Atheniensium
767 3996 857 4050 nuper
874 3986 1008 4036 accurate
1028 3981 1143 4050 scripsit
1161 3981 1324 4036 Oaillemer:
1352 3981 1416 4036 Rev
1430 3983 1465 4038 de

253 4053 335 4124 legis}
354 4069 407 4108 auc
426 4058 456 4107 et
473 4054 540 4108 mod
560 4054 636 4122 1874,
652 4070 672 4122 p
694 4054 755 4121 1333
776 4052 851 4120 1875,
868 4068 887 4121 p
909 4055 936 4122 ¹3
957 4051 1031 4121 1876,
1049 4069 1069 4121 p
1085 4052 1146 4123 649.

337 4142 360 4210 ⁴)
394 4142 458 4196 Isae
480 4142 527 4210 VI,
545 4142 592 4195 46:
620 4144 726 4208 γνησίου
753 4138 830 4202 ὄντος
857 4143 928 4202 υἱέος
954 4135 1005 4191 οὐκ
1028 4142 1095 4191 ἐστιν
1119 4141 1263 4207 ἐπίκληρος
1290 4136 1308 4206 ἡ
1336 4139 1458 4208 θυγάτηρ

253 4209 316 4265 ου’δὲ
334 4209 348 4264 ὁ
366 4214 469 4279 κλῆρος
487 4215 612 4274 ἑπίδικος.
635 4241 668 4248 -
692 4209 822 4276 Harpoer
840 4211 970 4272 ἐπίδικος·
990 4205 1164 4276 Ἐπίπροικος
1181 4211 1212 4260 δὲ
1228 4227 1246 4277 η
1266 4213 1309 4261 ἐπί
1327 4213 1401 4276 μέρει
1417 4216 1463 4263 τινί

252 4284 299 4335 τοῦ
325 4282 429 4351 κλήρου
455 4281 522 4333 ὥστε
548 4288 647 4347 προῖκα
674 4281 743 4345 ἐχειν
771 4275 893 4344 ἀδελφῶν
918 4276 985 4345 αὐτῇ
1009 4279 1100 4332 ὄντων.
1124 4307 1157 4317 -
1177 4276 1220 4332 osr
1237 4279 1300 4334 Poll
1318 4280 1367 4350 III,
1385 4280 1418 4333 33
1436 4286 1465 4333 et

248 4353 307 4422 Leg
326 4351 434 4420 chuer
451 4367 470 4419 p
488 4349 548 4403 265.
