3050 5025
55 490 248 559 testamenti
271 491 370 560 laotio
393 493 530 579 videtur,
553 492 690 577 nequid
713 493 897 559 detrimenti
919 492 1051 580 capiant
1073 489 1194 578 agnati.
1237 491 1281 557 At

55 616 134 662 eum
156 597 345 663 innumero
367 597 600 681 obligationum
622 596 801 664 habeamus
830 617 901 662 oum
923 598 1018 665 Isaeo
1044 603 1280 675 testamentum,

56 700 142 784 quid
164 702 231 768 ullo
254 708 351 787 paeto
373 701 407 766 id
430 703 538 769 faeere
560 702 688 767 feminis
703 701 803 767 liuere
817 720 983 787 negamus,
1006 703 1034 769 si
1056 701 1185 785 quidem
1201 699 1280 765 nihil

55 825 144 890 opus
167 811 216 870 est
237 806 270 871 in
294 805 409 871 ueteris
432 805 684 890 obligationibus
711 804 775 869 nisi
803 805 981 871 auotoritas
1009 805 1147 871 tutoris?
1190 806 1281 869 Haeo

56 908 95 972 in
119 906 228 992 legato
252 908 355 975 defuit
369 908 564 995 Archippae.
608 909 707 974 Miror
730 906 816 992 quod
832 908 952 974 diserte
967 909 1138 975 Thalheim
1160 908 1282 974 seribat

55 1013 158 1078 aliter
179 1032 247 1077 rem
270 1033 305 1078 se
328 1013 407 1079 alibi
429 1011 550 1078 habere
572 1018 669 1095 atque
691 1009 837 1097 Athenis,
865 1017 901 1077 ut
928 1012 1027 1077 lieeat
1055 1016 1283 1077 testamentum

56 1116 171 1181 faeere
204 1117 392 1182 mulieribus
425 1121 481 1181 unt
513 1115 705 1201 interposita
743 1121 800 1180 aut
840 1136 905 1181 non
941 1116 1132 1201 interposita
1167 1114 1283 1179 tutoris

58 1220 267 1285 auctoritate.
311 1220 379 1287 Nee
403 1220 487 1285 enim
510 1239 582 1285 eam
604 1218 741 1283 inveniri
769 1219 906 1303 primum
934 1219 967 1283 in
990 1218 1165 1301 Amorgino
1187 1216 1283 1282 titulo

57 1342 158 1405 quem
181 1342 279 1408 supra
302 1322 532 1409 descripsimus
545 1322 578 1399 ¹).
623 1320 730 1397 Quid?
753 1320 795 1387 de
818 1322 1014 1388 consecratis
1041 1340 1147 1386 nonne
1176 1317 1284 1402 agitur

58 1424 223 1491 aedibus?
255 1425 354 1509 Atqui
377 1426 504 1491 feminis
526 1444 579 1490 res
601 1443 791 1490 oonseorare
820 1424 948 1490 omnino
976 1424 1053 1491 lieet
1064 1424 1098 1509 ²).
1146 1421 1284 1488 Aeeedit

58 1528 150 1611 quod
167 1549 207 1594 ex
221 1529 342 1594 vooula
357 1529 413 1592 καί
427 1528 528 1593 verba
541 1524 625 1592 κατὰ
647 1527 702 1605 τὰς
718 1526 877 1613 διαθήκας
899 1528 943 1593 ad
956 1528 1040 1594 alius
1055 1532 1283 1593 testamentum

57 1630 235 1697 referenda
262 1631 412 1697 videntur
440 1631 522 1697 sieut
549 1632 582 1695 in
615 1637 807 1697 testamento
829 1632 1000 1716 Epictetae
1023 1637 1086 1697 est:
1120 1625 1282 1695 ἀπολείπω

57 1734 147 1799 κατὰ
167 1734 223 1801 τάν
244 1734 454 1821 γεγενημένοιν
476 1755 527 1820 μοι
548 1726 608 1798 ὑπὸ
635 1733 689 1798 τοῦ
717 1727 828 1819 ἀνδρὸς
850 1733 996 1810 Φοίνικος
1024 1731 1149 1799 ἐντολοὶν
1181 1731 1282 1812 ατλί).

58 1835 191 1901 Deinde
213 1837 300 1920 quod
322 1838 356 1902 in
379 1838 551 1903 Calaurino
574 1837 666 1902 titulo
688 1837 840 1919 leguntur
862 1837 994 1921 haeo⁴Jt

107 1958 159 2021 ἐπὶ
190 1959 289 2035 τοῖςδε
322 1951 463 2043 ἀνέθηκε
487 1950 710 2043 Ἀγασίιιρατις
740 1932 848 2021 Τεισία
875 1957 918 2043 τῷ
943 1957 1107 2025 Ποσειδᾶνι
1135 1949 1282 2041 ἀργυρίου

109 2059 254 2146 δραχμὰς
281 2059 460 2145 τριακοσίας
482 2054 559 2144 ὑπὲρ
581 2081 615 2124 τε
638 2059 693 2137 αὖς
716 2052 812 2137 αὑτᾶς
832 2062 888 2124 καί
908 2062 963 2124 τοῦ
986 2054 1095 2145 ἀνδρὸς
1116 2056 1283 2143 Σωφάνεος

107 2165 163 2226 καί
194 2164 249 2227 τοῦ
287 2163 354 2227 υἱοῦ
387 2161 584 2247 Σωσιφάνεος
622 2165 676 2226 καί
708 2164 764 2228 τᾶν
796 2162 980 2248 θυγατέρων
1012 2160 1192 2248 Νικαγόρας
1227 2162 1283 2224 καί

101 2264 350 2351 Ἀριστοκλείας,
373 2261 449 2343 dae
470 2264 558 2331 biatu
578 2266 622 2352 τῷ
643 2264 809 2331 Ποσειδᾶνι
830 2265 889 2331 κτλ

62 2390 129 2435 non
152 2370 259 2435 minus
282 2370 389 2452 agitur
411 2369 452 2434 de
475 2370 728 2436 consecratione.
773 2371 922 2437 Ceterum
946 2376 978 2435 et
1000 2369 1134 2435 maritus
1150 2375 1182 2433 et
1197 2367 1282 2431 filius

64 2481 98 2539 et
121 2471 207 2538 duae
228 2472 316 2539 filiae
338 2478 413 2539 ante
441 2494 513 2539 eam
542 2473 632 2540 ouius
654 2478 881 2540 testamentum
910 2480 959 2541 est
985 2473 1135 2540 videntur
1156 2470 1281 2540 mortui.

62 2577 148 2640 Tum
170 2575 204 2639 in
225 2576 442 2642 vetustissimo
464 2577 557 2644 titulo
579 2577 725 2643 Petelino
739 2577 779 2659 ⁶):

109 2693 190 2772 Θεὸς
212 2693 313 2781 Τύχα.
337 2694 455 2774 Σαῶτις
478 2697 581 2762 δίδωτι
595 2695 737 2782 Σιααινίᾳ
759 2695 815 2762 τὰν
829 2697 957 2763 Εοωιίαν
978 2699 1033 2760 καί
1054 2696 1154 2762 τᾶλλα
1170 2695 1281 2761 πάντα.

110 2796 286 2884 δαμιωργὸς
297 2798 497 2885 Παραγόρας,
508 2799 649 2885 πρόξενοι
663 2799 798 2881 Μίνιιων,
809 2793 1050 2886 Ἃρμοξίδαμος,
1062 2794 1282 2885 Ἀγάθαρχος,

102 2895 248 2984 Ὀνατᾶς,
266 2894 453 2987 Ἐπίκωρος.

67 3041 179 3088 omnes
202 3021 270 3086 fere
292 3021 379 3088 dooti
400 3022 681 3090 hominesSaotim
703 3023 856 3088 feminam
879 3023 1074 3105 existimant,
1097 3021 1154 3088 ubi
1168 3021 1282 3087 tutoris

65 3126 156 3191 nulla
178 3124 297 3190 mentio
319 3124 365 3208 fit,
388 3144 460 3191 oum
482 3127 691 3210 magistratus
718 3125 921 3190 nominentur
948 3124 992 3190 ad
1020 3123 1283 3205 confirmandum,

66 3234 102 3293 ut
125 3229 248 3312 opinor,
271 3233 508 3294 testamentum.
554 3229 750 3312 Dignissima
772 3227 854 3294 haee
876 3247 927 3292 res
949 3233 1000 3293 est
1021 3247 1118 3310 quam
1140 3225 1283 3292 animad-

65 3319 239 3396 vertamus.
284 3328 485 3414 Quamquam
518 3331 623 3396 neutri
655 3351 772 3396 nomen
805 3331 907 3416 patris
935 3329 1066 3396 additur
1087 3350 1148 3396 neo
1169 3328 1283 3395 domus

68 3433 252 3500 aoouratius
285 3432 495 3499 adumbratur
527 3435 574 3500 ita
601 3435 695 3500 utin
724 3434 817 3498 titulo
850 3439 988 3499 tutorem
1021 3452 1147 3515 qnoque
1180 3432 1284 3497 omitti

67 3535 229 3620 quispiam
243 3542 359 3620 putare
371 3537 482 3621 possit.
527 3537 695 3622 Copiosius
710 3523 893 3602 eontinetur
903 3544 1129 3602 testamentum
1143 3535 1283 3601 feminae

67 3638 215 3704 Theraeo
238 3639 331 3704 titulo
354 3640 444 3704 ouius
466 3640 527 3706 hoo
550 3647 599 3705 est
620 3640 746 3705 initium
757 3639 796 3722 ί);

155 3879 174 3948 1)
210 3878 422 3948 Dittenberger,
441 3877 501 3949 Syll
518 3878 584 3948 4373
605 3877 649 3933 cfr
666 3895 684 3947 p
703 3878 746 3934 38.

153 3965 175 4034 ¹)
211 3966 277 4020 vide
295 3981 314 4034 p
332 3966 375 4018 21.

156 4053 178 4120 Β)
215 4051 303 4120 0111,
323 4051 399 4120 2448,
417 4067 435 4122 1,
453 4051 478 4105 9.

154 4139 177 4206 ⁴)
212 4139 277 4193 Keil
294 4139 322 4192 in
340 4137 429 4193 Philol
451 4137 538 4207 Suppl
556 4139 590 4207 ΙΙ,
608 4137 660 4191 622
678 4162 711 4184 =
730 4137 832 4208 (lauet,
849 4138 951 4193 Deleot
969 4139 1010 4192 19.

156 4223 177 4292 ⁵)
213 4223 854 4294 011‚4=1toeh11GA54430frsuprap
875 4226 915 4280 15.

156 4311 177 4380 ⁸)
213 4310 301 4380 0111,
319 4311 400 4380 2448;
420 4312 543 4381 explieat
562 4311 695 4381 Dareste,
718 4312 802 4367 Nouv
825 4325 913 4365 revue
932 4311 989 4366 hist
1006 4312 1042 4366 de
1061 4312 1137 4366 droit
1154 4311 1203 4381 VI,
1221 4311 1281 4365 249.
