3050 5025
651 292 693 363 hh

59 527 145 590 quae
182 505 223 574 de
258 509 421 593 germanis
459 507 546 574 haud
586 506 730 573 eiusdem
769 526 867 573 sexus
900 505 988 591 apud
1019 503 1196 571 Isocratem
1229 506 1279 567 est

59 612 164 696 (XIX,
187 614 230 694 9).
274 613 343 678 Hoc
375 612 556 677 institutum
588 610 674 694 qnod
707 629 875 676 commune
908 609 1048 676 omnium
1081 608 1279 674 Graecorum

56 716 180 780 Jannet
202 717 235 800 (p
259 714 312 798 77)
335 721 437 800 putat,
460 714 546 780 idem
569 715 662 780 nohis
685 714 825 780 occurrit
846 712 933 799 apud
954 712 1053 780 Indos
1076 717 1108 776 et
1130 709 1279 794 Iudaeos,

57 837 133 882 cum
165 818 199 882 in
230 818 380 903 Aegypto
412 817 500 884 filiae
534 817 711 901 antiquitus
745 838 818 883 cum
856 816 932 882 tiliis
967 837 1033 882 una
1065 813 1279 880 hereditatem

57 924 307 1001 consequantur.
340 922 463 986 Rornae
479 927 585 985 autem
601 920 783 1003 quicunque
797 920 831 984 in
846 939 942 985 manu
963 918 1101 984 hominis
1115 916 1280 982 morientis

4 1060 5 1065 κ
59 1022 277 1104 inveniuntur,
299 1022 436 1088 heredes
451 1030 525 1088 sunt
546 1022 594 1088 ita
615 1028 650 1087 ut
666 1023 863 1107 emancipati
878 1021 1092 1089 excludantur
1113 1020 1280 1102 utriusque

56 1145 159 1191 sexus
180 1126 284 1191 liberi.
328 1125 425 1211 Apud
447 1126 626 1193 Germanos
659 1126 751 1192 fundi
780 1127 923 1192 maribus
957 1126 1064 1211 potius
1092 1124 1278 1212 obtingunt,

56 1249 132 1293 cnm
154 1230 188 1293 in
209 1229 382 1295 mobilibus
404 1229 498 1295 bonis
514 1228 698 1295 dividendis
714 1230 854 1296 feminae
876 1235 933 1297 ant
953 1230 1027 1316 pari
1048 1229 1118 1294 iure
1140 1228 1205 1293 sint
1220 1233 1277 1292 aut

57 1331 267 1397 antecedant.

147 1472 191 1535 At
212 1470 245 1535 in
278 1468 471 1552 quibusdam
504 1469 690 1535 civitatibus
712 1470 909 1536 Graecorum
938 1468 1028 1536 aliud
1055 1467 1278 1533 videturesse

59 1573 277 1638 successionis
298 1573 358 1638 ius.
403 1572 594 1639 Thalheimo
618 1572 748 1657 quidem
761 1572 784 1656 ¹)
806 1576 840 1638 in
854 1574 966 1639 Ionica
987 1573 1093 1638 insula
1107 1572 1190 1636 Teni
1206 1590 1278 1636 oum

57 1674 136 1741 filiis
158 1696 224 1742 nna
245 1676 331 1742 filias
352 1676 386 1740 in
407 1675 621 1743 hereditatem
641 1678 752 1742 vocari
774 1676 842 1741 veri
864 1676 968 1741 simile
991 1682 1050 1740 est.
1086 1674 1279 1740 Aecuratins

57 1780 127 1844 iam
150 1780 183 1843 in
205 1780 262 1845 illo
285 1780 379 1845 titulo
402 1780 539 1863 legimus
552 1780 591 1863 ²):

98 1892 219 1984 Ἡγίας
235 1892 406 1986 Ἀμφίονος
422 1893 641 1977 Ἐλειθυαιεὺς
661 1900 749 1983 παρὰ
770 1898 914 1983 Χαιρέλα
929 1898 1092 1985 Χαβυσίου
1109 1895 1278 1973 Θεστιάδος

106 2004 162 2065 καί
200 2000 287 2087 παροὶ
324 2002 446 2079 Φειδῶς
479 2000 661 2088 Χαβυσσίου
695 2000 865 2078 Θεστιαδος
904 2003 959 2064 καί
994 2001 1082 2085 παρὰ
1107 1997 1280 2084 Ἰφικρίτης

104 2103 248 2190 Χαιρέλα
279 2102 501 2182 Ἐλειθυαΐδος
537 2103 615 2191 μετὰ
652 2105 767 2188 κυρίων
800 2102 1013 2191 Τιμοκράτους
1045 2106 1101 2167 καί
1137 2101 1281 2186 Χαιρέλα

103 2208 287 2295 Χαβυσσίου
310 2207 488 2273 Θεστιοιδῶν
511 2207 637 2292 ἐπρίατο
659 2207 718 2271 κτλ
740 2207 800 2272 ὅσα
821 2208 860 2293 ἠν
883 2206 1065 2294 Χαβυσσίου
1087 2207 1142 2270 τοῦ
1162 2206 1279 2290 πατρὸς

103 2312 159 2375 τοῦ
181 2310 324 2395 Χαιρέλοι
345 2313 400 2375 καὶ
421 2311 552 2388 Φειδῶς,

59 2431 216 2497 Vendunt
240 2432 336 2498 liberi
364 2452 436 2497 cum
466 2437 569 2497 matre
595 2451 670 2497 sua:
704 2432 788 2497 alter
816 2450 1042 2516 germanorum
1067 2430 1278 2515 Timocrates,

61 2537 118 2618 qui
133 2542 220 2601 tutor
235 2536 460 2602 auctoritatem
475 2536 660 2620 interponit,
683 2534 854 2601 fundorum
876 2557 941 2601 non
960 2533 1088 2600 videtur
1101 2535 1280 2621 particeps:

59 2639 148 2705 hanc
170 2640 210 2705 oh
234 2659 302 2704 rem
324 2639 531 2706 donationem
545 2639 654 2724 potins
676 2646 734 2705 aut
747 2640 830 2704 inter
844 2639 935 2705 vivos
955 2640 1076 2704 tactam
1099 2645 1156 2703 aut
1170 2639 1282 2704 mortis

60 2762 164 2808 causa
186 2743 353 2808 statuerim
376 2763 473 2826 quam
496 2743 537 2807 ah
559 2742 713 2808 intestato
740 2741 965 2824 hereditatem,
994 2741 1184 2826 praesertim
1206 2762 1279 2806 cum

60 2847 95 2910 in
118 2867 139 2910 v
160 2845 202 2909 99
225 2846 365 2930 legatur:

106 2959 123 3030 ὃ
147 2968 232 3032 δεῖνα
255 2965 382 3050 ἐπρίατο
403 2963 491 3048 παρὰ
513 2964 634 3042 Φειδῶς
657 2964 839 3051 Χαβυσσίου
863 2964 1033 3042 Θεστιάδος
1061 2965 1140 3050 μετὰ
1167 2964 1280 3048 κυρίων

105 3068 302 3155 Τιμοκράτου
325 3072 380 3133 καί
400 3067 543 3153 Χαιρέλα
565 3067 729 3154 Χαβυσίου
752 3070 812 3134 κτλ
832 3068 954 3134 πάντων
975 3070 1015 3133 τά
1036 3062 1134 3154 ἡμίση
1158 3067 1218 3132 ὅσα
1241 3068 1280 3152 ἦν

106 3173 288 3268 Χαβυσφίου
310 3173 365 3237 τοῦ
387 3170 503 3257 πατρὸς
524 3173 578 3236 τοῦ
600 3171 731 3249 Φειδῶς.

64 3315 142 3359 nam
164 3313 223 3378 per
237 3292 451 3359 hereditatem
473 3293 583 3358 nescio
606 3313 649 3358 an
663 3291 768 3356 Phido
784 3290 951 3358 dimidiam
966 3298 1090 3376 partem
1107 3299 1281 3376 acceptura

62 3417 128 3462 non
151 3396 258 3479 fuerit,
281 3415 354 3461 cnm
368 3395 486 3462 fratres
509 3394 572 3461 duo
594 3396 659 3461 sint
673 3394 872 3480 superstites.
917 3393 1057 3460 Donatio
1073 3400 1181 3460 autem
1198 3395 1282 3460 inter

61 3500 154 3565 vivos
177 3499 266 3565 facta
288 3499 448 3564 invenitur
469 3499 502 3563 in
524 3520 545 3563 v
566 3500 623 3565 38:

103 3619 354 3704 Ἀπατουριῶνος
388 3618 558 3702 Καλλιφῶν
589 3616 756 3703 Κτήτωνος
785 3617 999 3702 Ἡρακλειδῶν
1036 3616 1124 3702 παρὰ
1162 3617 1280 3681 Φώκου

108 3723 278 3799 Φωκίωνος
293 3721 452 3807 Θρυησίου
468 3721 594 3806 ἐπρίατο
611 3719 666 3806 τὴν
689 3722 789 3785 οίκίαν
810 3719 832 3805 ἦ
854 3719 893 3805 ἠν
914 3719 1065 3805 πρότερον
1085 3720 1140 3784 τοῦ
1165 3719 1281 3804 πατρὸς

110 3818 205 3890 αὑτοῦ
230 3824 398 3910 Κτήτωνος
429 3822 488 3888 κτλ
521 3824 771 3900 συνεπαινοῦντας
797 3822 915 3887 Φώκου
950 3825 1005 3905 καί
1032 3821 1199 3908 Κτήτωνος
1226 3825 1281 3887 τοῦ

109 3926 227 4014 πατρὸς
247 3929 302 3992 τοῦ
324 3927 555 4012 Καλλιφῶντος.

157 4237 175 4304 ¹)
211 4237 271 4290 Ant
288 4235 334 4290 for
352 4253 371 4305 p
392 4238 424 4288 10
442 4235 538 4288 adnot.

152 4323 175 4391 ²)
211 4324 344 4392 Newton,
359 4323 456 4378 Greek
473 4323 549 4376 inser
567 4323 592 4373 ΙΙ
611 4323 671 4391 377,
688 4339 708 4375 v
725 4323 768 4376 92.
