3050 5025
586 287 788 431 a„

165 536 321 605 Constare
354 542 461 623 potest
494 543 550 602 aut
583 545 717 620 argento
751 536 811 603 dos
843 536 1079 620 mobilibusque
1112 537 1205 604 honis
1239 544 1295 604 aut

66 639 204 706 fundis:
228 641 288 708 etsi
310 640 486 724 antiquitus
509 640 617 706 nescio
640 662 682 707 au
705 640 784 706 nihil
807 639 945 706 conferri
967 640 1094 707 licuerit
1115 640 1178 705 nisi
1199 641 1295 707 vesti·

65 749 188 808 menta
221 751 253 809 et
286 744 439 810 mundum
473 744 660 809 muliebrem
694 744 827 809 minoris
853 743 960 828 pretii,
993 743 1021 809 si
1049 742 1178 827 quidem
1206 749 1294 809 recte

65 846 175 931 'l'elfy
198 846 302 913 locum
325 848 490 914 Plutarchi
513 847 557 914 ad
579 867 636 913 eas
657 847 741 913 filias
763 847 862 913 refert
885 867 968 930 quae
990 868 1054 913 uon
1076 846 1293 913 hereditariae

67 956 152 1015 sunt
166 949 203 1029 ¹):
236 958 297 1017 τῶν
325 951 427 1017 ἄλλων
454 948 563 1037 γάμων
589 951 632 1037 μή
663 952 739 1015 εἶναι
766 948 888 1035 φερνάς,
917 947 984 1013 ἀλλ’
1015 948 1119 1036 ἱμάτια
1145 950 1215 1034 τρία
1240 951 1296 1013 καὶ

67 1049 178 1137 σκεύη
214 1055 324 1138 μικροῦ
352 1053 538 1140 νομίσματος
560 1052 639 1138 ἄξια,
673 1055 778 1139 ἕτερον
810 1052 845 1118 δέ
879 1054 975 1139 μηδὲν
1008 1052 1211 1139 ἐπιφέρεσθαι
1239 1052 1296 1138 τήν

66 1155 287 1242 γαμουμένην.

167 1284 284 1351 Dotem
306 1286 442 1352 Athenis
470 1287 504 1351 in
531 1286 734 1352 matrimonio
764 1307 835 1352 eum
864 1287 960 1352 rebus
992 1286 1099 1352 mariti
1133 1286 1166 1351 iu
1198 1307 1295 1351 unum

69 1387 166 1453 coire
181 1389 357 1455 arbitratur
371 1388 562 1473 Desjardins
583 1389 630 1454 ita
651 1396 688 1455 ut
710 1410 781 1455 cum
804 1389 854 1455 his
877 1410 941 1455 una
957 1389 1152 1475 publicetur:
1176 1388 1296 1455 dotalis

68 1490 171 1555 fundi
193 1491 342 1557 maritum
365 1492 500 1557 liberam
523 1491 643 1558 habere
672 1499 868 1577 potestatem
896 1511 936 1557 ex
958 1491 1044 1558 Isaei
1067 1513 1103 1558 or
1125 1491 1163 1557 V.
1187 1492 1295 1557 efficit.

74 1594 203 1659 Contra
231 1592 369 1660 Dareste
396 1596 552 1660 bonorum
581 1594 737 1661 dotalium
766 1595 1004 1680 possessionem
1031 1595 1141 1661 uxoris
1169 1614 1297 1680 semper

72 1714 153 1760 csse
181 1715 241 1762 nec
270 1699 418 1763 maritum
446 1696 566 1764 habere
594 1698 656 1764 uisi
684 1718 776 1763 usum
807 1706 839 1764 et
868 1699 1004 1763 fructum
1028 1698 1061 1762 in
1083 1698 1296 1783 matrimonio,

71 1818 143 1881 quo
172 1806 317 1884 sumptus
346 1800 525 1867 cotidianos
553 1801 747 1887 suppeditet.
792 1803 840 1882 Ac
871 1821 912 1866 ue
940 1800 1128 1867 abalienare
1155 1800 1296 1887 quidem,

71 1900 201 1985 inquit,
235 1901 359 1969 dotalia
386 1905 472 1969 boua
501 1904 616 1969 marito
644 1904 721 1969 licet
748 1905 868 1989 quippe
890 1904 946 1987 qui
969 1925 1032 1969 non
1054 1904 1096 1968 sit
1118 1923 1294 1988 possessor.

71 2004 182 2071 Uxori
209 2006 323 2071 tutoris
349 2006 540 2092 interposita
566 2006 759 2072 auctoritate
792 2006 827 2071 id
855 2006 953 2072 licere
981 2006 1050 2072 veri
1079 2005 1199 2090 simile,
1234 2006 1295 2072 etsi

73 2096 274 2173 testimoniis
298 2128 444 2175 caremus
456 2109 489 2195 ²).
534 2110 625 2175 Haec
654 2109 830 2191 sententia,
864 2129 961 2192 quam
983 2110 1165 2175 Barrilleau
1187 2131 1208 2194 p
1234 2111 1294 2175 163

73 2216 113 2277 ct
135 2209 305 2277 Thalhcim
326 2234 348 2297 p
371 2213 413 2277 66
441 2219 630 2298 sequuntur,
663 2220 753 2280 recta
781 2212 908 2278 uidetur
937 2233 1008 2278 cum
1035 2211 1187 2277 fiduciam
1216 2212 1295 2278 dare

72 2312 215 2378 maritus
237 2334 295 2399 pro
318 2313 394 2380 dote
420 2314 548 2381 debeat.
592 2314 812 2381 Abalieuandi
840 2323 947 2379 tamen
975 2313 1061 2380 bona
1090 2314 1213 2380 dotalia
1242 2336 1297 2400 po-

74 2422 232 2481 testatem
254 2437 335 2483 uxor
357 2438 397 2483 ne
419 2419 534 2485 tutoris
556 2419 684 2502 quidem
708 2418 763 2502 qui
786 2438 826 2484 ea
845 2417 979 2483 contulit
994 2418 1186 2484 auctoritate
1201 2417 1296 2483 inter-

73 2520 188 2606 posita
211 2519 309 2588 habet
329 2521 391 2588 nisi
413 2523 526 2588 annuit
549 2523 692 2606 maritus,
716 2523 807 2588 cuius
830 2521 1015 2588 conservari
1038 2521 1145 2588 dotem
1161 2523 1294 2587 multum

73 2623 215 2689 intersit.
259 2625 364 2708 Atque
393 2625 425 2690 in
454 2625 727 2711 publicationibus
753 2647 835 2692 uxor
863 2625 952 2691 velut
985 2624 1161 2690 creditores
1194 2624 1294 2690 ceteri

74 2727 130 2791 ius
152 2725 386 2794 interveniendi
409 2728 554 2814 habet³).
600 2727 813 2812 Quidcunque
836 2727 983 2814 ἀτίμητον
1011 2728 1145 2793 maritus
1168 2727 1295 2812 accepit

73 2836 210 2915 praetor
224 2830 283 2896 illa
296 2828 337 2896 τὰ
351 2831 384 2898 ἐν
397 2834 502 2918 προικὶ
518 2832 745 2919 ἐντετιμημένα,
762 2833 797 2898 in
813 2851 906 2899 omne
920 2838 1047 2917 tempus
1061 2831 1125 2917 ipsi
1140 2836 1249 2897 manet
1261 2831 1296 2916 ⁴).

74 2931 214 2998 Maritus
242 2932 339 3001 debet
364 2942 438 3020 post
464 2955 598 3001 uxorem
631 2945 789 3003 mortuam
821 2935 896 3001 filiis
929 2934 1037 3001 dotem
1069 2933 1206 3000 reddere
1238 2933 1294 2999 ubi

74 3035 218 3120 primum
240 3038 290 3102 sui
311 3038 390 3104 iuris
413 3057 484 3104 esse
506 3039 726 3126 coeperunt⁵).
771 3039 807 3104 Si
829 3037 937 3104 mariti
951 3038 1067 3103 mortui
1082 3036 1159 3103 filiis
1173 3036 1295 3101 relictis

74 3137 123 3205 ad
145 3144 283 3205 tutorem
304 3140 403 3208 vidua
425 3143 611 3228 revertitur,
645 3141 703 3208 dos
729 3142 888 3207 redditur:
922 3141 973 3206 siu
1001 3146 1109 3206 autem
1138 3139 1170 3204 in
1199 3137 1295 3204 domo

74 3241 188 3307 mariti
215 3249 341 3329 manet,
373 3245 460 3310 bona
489 3244 613 3312 dotalia
647 3244 691 3311 ad
718 3245 803 3311 filios
832 3243 1058 3331 perveniebat)
1082 3243 1137 3326 qui
1159 3250 1294 3308 matrem

75 3345 169 3411 alere
191 3345 320 3412 debent.
364 3348 457 3414 Prior
478 3349 505 3415 si
527 3369 608 3414 uxor
636 3350 778 3432 moritur,
812 3347 871 3414 dos
900 3353 956 3414 aut
979 3347 1022 3413 ad
1043 3347 1127 3412 filios
1148 3344 1296 3432 pervenit

76 3456 137 3515 aut
170 3447 213 3515 ad
240 3456 387 3516 tutorem.
422 3453 494 3543 'Pro
527 3452 666 3537 pecunia
699 3451 802 3519 dotali
834 3451 968 3518 maritus
1001 3448 1137 3517 fundum
1168 3449 1297 3535 pignori

77 3677 282 3690 *φφ-α..-

171 3829 191 3900 ¹)
227 3829 300 3900 Plus,
319 3831 368 3886 Sol
386 3832 428 3887 20.
464 3831 558 3904 Telfpu
577 3831 652 3902 Oorp
671 3832 715 3887 iur
733 3832 794 3903 Art,
813 3831 901 3887 adnot
919 3831 955 3887 ad
975 3830 1049 3888 1359.

168 3918 192 3987 8)
227 3919 312 3973 Droit
330 3919 377 3974 civ
395 3919 480 3975 athen
497 3937 516 3990 p
534 3919 593 3975 625.

169 4005 190 4072 ⁸)
225 4004 335 4076 Autiqu
354 4005 436 4076 forp
458 4009 514 4061 110.

168 4092 191 4160 ⁴)
226 4092 255 4148 ib
273 4109 292 4162 p
311 4094 345 4148 66
364 4094 452 4148 adnot
470 4095 486 4149 3
505 4101 576 4153 extr.

169 4179 190 4248 ⁶)
226 4180 349 4235 Dareste
366 4199 385 4251 p
404 4182 462 4236 625.
498 4182 605 4252 Autiqu
624 4180 670 4236 for
687 4197 705 4250 p
725 4181 758 4236 66
777 4181 865 4236 adnot
884 4183 907 4237 l.

169 4266 190 4336 ⁶)
226 4267 296 4323 Deru
320 4269 385 4339 XL,
408 4269 455 4323 59:
483 4274 542 4337 περὶ
559 4270 669 4336 προικὸς
692 4269 725 4338 ἣν
743 4272 955 4336 ἐπενεγκαμένης
979 4269 1028 4335 τῆς
1051 4264 1150 4334 μητρός
1174 4269 1199 4318 ot
1220 4264 1296 4333 νόμοι

78 4353 232 4408 κελεύουσιν
252 4358 298 4422 sps
316 4357 481 4423 κομίζεσθαι.

1094 4452 1128 4503 3*
