3050 5025
651 286 873 383 aad·

100 486 250 580 Αὐρηλία
283 496 362 582 μετὰ
399 500 586 572 συνεστῶτος
618 500 672 560 τοῦ
704 494 813 581 κυρίου
847 486 944 579 αὸτῆς
977 492 1086 580 ἀνδρὸς
1118 490 1277 580 Αὖρηλίου

100 597 274 684 Δωροθέου
296 597 445 685 Σερήνου.

54 719 241 783 Romanum
269 720 448 785 institutum
475 720 588 784 statuit
614 718 751 783 Adolfus
780 716 926 784 Schmidt
939 718 977 800 ¹l²
1009 738 1086 783 nam
1119 723 1194 803 post
1220 718 1278 783 im-

54 822 222 905 peratoris
256 822 447 889 caracallae
479 828 626 907 tempora
652 821 868 906 provinciales
896 820 1028 886 civitate
1060 820 1172 886 donati
1205 841 1278 885 cum

56 925 131 991 iure
154 926 299 992 Romano
333 945 443 991 omnes
475 925 544 989 fere
577 924 628 990 usi
662 924 740 1009 sint,
773 924 939 990 Aureliam
975 930 1176 1007 tutoremque
1209 925 1278 990 eius

57 1028 214 1094 maritum
236 1030 424 1115 peregrinos
446 1048 509 1094 non
524 1027 627 1093 videri
649 1047 709 1093 nec
729 1028 966 1112 Aegyptiacam
987 1026 1150 1111 quandam
1172 1028 1280 1093 mariti

57 1133 200 1198 tutelam
221 1131 471 1216 agnoscendam,
495 1132 600 1214 qualis
622 1129 710 1216 apud
725 1130 842 1196 Gaium
864 1130 984 1196 mentio
1005 1130 1063 1196 fiat
1076 1129 1279 1212 Bithynicae.

57 1273 103 1283 -
127 1236 280 1302 Attamen
302 1236 336 1300 in
358 1236 431 1321 ipsa
453 1235 551 1300 Italia
571 1234 638 1299 iarn
657 1232 869 1299 idolatrarum
885 1233 1060 1299 Caesarum
1082 1234 1280 1320 temporibus

57 1340 167 1405 tutela
195 1338 359 1404 muliebris
387 1338 490 1404 levior
516 1337 605 1403 facta
631 1342 706 1422 post
723 1358 843 1402 annum
865 1335 1119 1402 ducentesimum
1140 1357 1280 1420 nonage-

58 1443 179 1507 simum
203 1442 331 1508 tertium
353 1442 446 1508 nohis
461 1441 590 1507 omnino
612 1460 676 1506 non
692 1440 839 1506 occurrit.
883 1440 998 1505 Mirum
1020 1439 1181 1507 mehercle
1196 1440 1280 1506 foret

59 1546 89 1611 si
113 1546 296 1611 institutum
317 1544 401 1610 illud
422 1564 498 1611 vere
512 1545 691 1610 Romanum
714 1543 803 1630 apud
817 1543 997 1628 Aegyptios
1019 1543 1146 1610 Graeca
1167 1544 1280 1627 lingua

57 1668 138 1715 usos
161 1668 263 1732 usqne
290 1648 334 1714 ad
363 1647 503 1714 medium
531 1648 696 1714 saeculnm
724 1652 873 1729 quartum
901 1653 1063 1713 servatum
1093 1652 1187 1712 esset.
1237 1648 1280 1711 Et

59 1773 136 1817 cum
158 1752 356 1837 temporibus
377 1751 442 1817 illis
464 1752 514 1817 ins
535 1752 714 1816 Romanum
745 1750 779 1815 in
812 1750 942 1816 remotis
974 1750 1101 1835 imperii
1132 1750 1279 1835 partibus

59 1854 230 1920 confusum
254 1854 353 1919 fuisse
377 1874 448 1921 curn
468 1854 564 1919 rebus
583 1853 732 1919 barbaris
753 1872 855 1938 nuper
876 1854 959 1919 libro
982 1853 1039 1919 illo
1061 1852 1278 1937 Syroromano

60 1957 323 2041 cognoverimus:
362 1958 396 2022 in
434 1957 685 2023 manumissione
717 1956 922 2041 Aegyptiaca
952 1956 1087 2021 tutelam
1120 1956 1280 2022 Graecam

57 2060 159 2127 video
172 2060 207 2145 ²).
250 2062 323 2128 Non
344 2061 424 2127 satis
446 2067 555 2125 tamen
577 2060 780 2145 exploratum
795 2066 854 2143 est,
877 2079 934 2124 cur
954 2065 1041 2125 tutor
1055 2060 1280 2125 anctoritatem

57 2165 263 2249 interponat:
286 2164 401 2229 iterum
423 2164 593 2231 Boeoticos
615 2164 725 2230 titulos
747 2163 947 2249 protulerim,
977 2163 1033 2228 uhi
1061 2163 1195 2229 maritus
1216 2163 1279 2229 for-

60 2274 161 2334 tunas
182 2269 292 2335 uxoris
314 2268 540 2335 administrare
571 2266 714 2333 videtur:
747 2267 810 2332 nisi
842 2266 924 2332 forte
951 2266 985 2330 in
1011 2266 1161 2351 Aegypto
1189 2272 1279 2332 tanto

61 2371 234 2437 interiecto
256 2372 410 2456 temporis
432 2371 539 2456 spatio
562 2376 594 2435 et
616 2369 739 2454 origine
760 2369 1020 2436 manumissionis
1042 2368 1111 2435 eius
1126 2369 1280 2436 oblivioni

60 2474 144 2541 data
165 2473 292 2559 legibus
314 2480 390 2541 tunc
411 2475 634 2558 requirebatur
655 2473 841 2540 auctoritas.

351 2769 435 2852 III.
489 2769 553 2852 Ile
580 2768 680 2851 iure
706 2767 1002 2850 familiarum.

453 2925 489 2994 Α.
534 2923 577 2993 lle
600 2925 669 2993 iure
692 2924 895 2993 matrimonii.

322 3071 354 3139 1.
401 3065 466 3139 De
494 3065 715 3163 coniugio
743 3075 789 3138 et
814 3065 1032 3139 divortio.
1125 3120 1129 3125 .

150 3239 275 3304 Uxores
298 3238 444 3322 singulas
466 3238 606 3305 universi
621 3237 738 3303 Graeci
759 3236 894 3304 hahent:
917 3237 1075 3323 pelicibus
1090 3236 1137 3302 uti
1152 3237 1279 3320 legibus

63 3342 163 3408 nullis
191 3347 328 3408 vetatur.
382 3344 452 3408 Iam
484 3342 516 3406 in
539 3341 718 3408 Homericis
751 3341 946 3407 carminibus
975 3346 1007 3405 et
1035 3338 1281 3406 materfamilias

62 3445 158 3511 nobis
180 3444 318 3510 occurrit
340 3466 404 3511 una
426 3446 514 3510 velut
536 3444 587 3510 od
608 3445 667 3528 HI,
689 3443 768 3507 451:

107 3563 280 3651 θυγατέρες
301 3585 335 3630 τε
357 3565 422 3632 νυοί
442 3588 476 3630 τε
498 3567 553 3630 καὶ
575 3564 676 3649 αἰδοίη
699 3563 881 3648 παράκοιτις

106 3667 270 3754 Νέστορος.

67 3779 100 3837 et
122 3791 199 3838 usus
227 3771 477 3838 concubinarum
499 3770 608 3836 multis
631 3770 711 3838 locis
739 3769 934 3853 agnoscitur.
978 3768 1279 3854 Bimaritospostea

63 3876 165 3941 fuisse
203 3873 285 3940 duos
322 3873 467 3940 homines
507 3880 648 3940 constat:
690 3872 957 3940 Anaxandridam
985 3872 1279 3939 Lacedaemonium

65 3978 122 4060 qui
145 3997 217 4043 curn
232 3975 374 4043 sterilem
388 3997 521 4043 uxorem
536 3976 666 4061 exigere
682 3978 783 4043 nollet
798 3976 926 4062 ephoris
941 3975 1127 4041 auctoribus
1142 3976 1279 4042 alteram

154 4220 174 4288 ¹)
210 4217 412 4288 Forschungen
430 4219 451 4287 Ι,
469 4218 520 4272 292
540 4235 602 4289 sqq.

152 4306 174 4377 ²)
209 4306 325 4360 Multum
343 4305 397 4360 hoc
415 4305 478 4360 loco
497 4306 677 4361 Fordinando
695 4303 905 4375 Regelsberger
923 4302 1024 4359 debeo.
