3050 5025
260 719 387 785 disiade
415 721 470 802 (01
496 718 539 801 II,
568 719 662 802 2829,
692 719 732 784 15
761 726 793 783 et
819 718 946 783 283111
972 717 1012 781 14
1034 723 1066 783 et
1087 716 1221 782 2835Α
1247 716 1287 781 10
1309 721 1341 781 et
1362 715 1483 800 2840),
1509 755 1510 774 ι

259 820 468 887 Teichiussae
490 822 550 906 (Le
570 822 646 905 Bas,
670 821 746 887 Asie
770 821 912 886 mineure
933 820 963 886 N
985 821 1058 903 244,
1083 818 1145 904 15).

344 925 536 1008 Vectigalia,
569 925 659 990 velut
687 944 771 1007 quae
797 924 1052 1007 negotiatoribus
1077 921 1291 1007 imponuntur,
1321 921 1483 986 mulieres

259 1048 322 1092 non
345 1028 449 1092 minus
472 1028 596 1093 solvere
612 1026 740 1092 debent.
775 1026 910 1091 Athenis
926 1033 975 1091 est
989 1026 1129 1108 vectigal
1144 1025 1356 1108 meretricum,
1371 1046 1482 1109 πορνι-

260 1131 317 1196 κόν
340 1130 466 1213 τὲλοςί).
510 1129 635 1195 Ibidem
657 1129 898 1214 peregrinorum
920 1128 1071 1211 vectigal,
1093 1125 1128 1191 τό
1152 1126 1313 1213 μετοίκιον,
1337 1148 1359 1192 a
1373 1126 1482 1191 vidua
1510 1161 1511 1210 1

217 1249 219 1255 ·
259 1253 386 1316 quoque
419 1233 574 1318 exigitur,
608 1253 691 1315 quae
723 1232 895 1299 drachmas
927 1232 1023 1297 solvit
1056 1249 1113 1296 sex
1147 1230 1328 1313 quotannis,
1363 1230 1481 1312 quoad
1510 1219 1511 1242 ³

259 1336 345 1401 filius
367 1336 417 1401 sui
438 1337 517 1400 iuris
545 1336 651 1401 faetus
674 1335 844 1401 duodecim
867 1335 992 1400 solvere
1015 1333 1161 1419 eoepit³).

344 1438 489 1521 Munera,
518 1459 601 1520 quae
630 1438 754 1504 Graece
782 1436 967 1522 λειτουργίαι
1000 1435 1159 1518 dicuntur,
1187 1456 1252 1500 non
1279 1456 1353 1501 raro
1376 1437 1482 1501 susci-

260 1542 352 1625 piunt
379 1541 539 1607 mulieres.
589 1540 793 1625 Pamphylioi
820 1546 893 1605 sunt
921 1539 1006 1604 tituli
1032 1537 1096 1603 duo
1125 1538 1249 1603 saeculi
1270 1538 1317 1604 ad
1339 1536 1381 1602 Π.
1407 1536 1480 1603 dia-

260 1645 378 1708 lectum
412 1643 600 1709 exhibentes
632 1643 795 1726 Doricam,
829 1643 883 1708 ubi
917 1642 1081 1724 liturgiam
1108 1646 1276 1725 praestant
1308 1638 1353 1705 ad
1385 1640 1480 1705 aedi-

259 1744 406 1812 ficandas
427 1746 620 1811 munitiones
642 1744 754 1829 oppidi
777 1743 1005 1828 (Siegismund,
1029 1744 1157 1809 Curtius
1177 1743 1260 1808 Stud
1281 1742 1339 1827 IX,
1362 1741 1436 1828 89):

301 1845 469 1931 Κουρασιιό
491 1845 629 1933 Λιμνοίου
651 1847 870 1933 Κουρασίωνος
892 1847 1124 1933 δαμιοργίσωσα
1137 1847 1316 1931 περτὲδιυιιε
1331 1847 1357 1923 ίς
1372 1844 1478 1930 πόργο

302 1946 419 2034 όιργόρυ
449 1956 524 2036 μνᾶς
550 1950 664 2034 φίαατι.

301 2050 474 2137 Νεγόπολις
487 2052 680 2138 Ἀφορδισίου
697 2052 887 2138 Νεγοπόλεις
899 2054 1130 2139 δαμιοργίσιυσα
1141 2053 1311 2137 περτὲδοιιε
1327 2054 1352 2130 ίς
1372 2053 1477 2139 ἐρὲμνι

302 2157 357 2218 καί
378 2154 496 2220 πυλόνα
518 2154 635 2240 ἀργόρυ
658 2162 733 2241 μνᾶς
754 2156 869 2240 φίαατι.

259 2257 297 2320 In
334 2258 441 2322 insula
480 2257 593 2323 Rhodo
632 2258 719 2324 circa
753 2279 872 2324 annum
906 2257 953 2324 οὒ
988 2257 1050 2323 00.
1082 2258 1221 2324 feminae
1256 2259 1299 2325 ad
1333 2259 1474 2325 classem

259 2359 511 2444 comparandam
534 2380 598 2425 una
621 2380 691 2425 oum
714 2362 792 2426 viris
807 2362 890 2426 ultro
906 2360 1075 2445 pecuniam
1092 2359 1171 2425 dant
1186 2360 1346 2446 (Newton,
1362 2362 1474 2428 Greek

263 2462 349 2528 inscr
371 2463 403 2527 in
426 2462 480 2528 the
502 2464 572 2529 Brit
594 2464 664 2529 Mus
687 2464 718 2528 ll
739 2463 770 2530 N
792 2463 879 2549 343):

303 2573 457 2660 δεδόχθαι
484 2574 736 2660 ἐπαγγέλλεσθαι
761 2575 813 2652 τὸς
835 2575 1005 2661 δηλομὲνος
1026 2581 1086 2641 τῶν
1107 2597 1140 2639 τε
1162 2575 1289 2640 πολιτᾶν
1309 2579 1364 2640 οιαὶ
1385 2577 1474 2642 πολι-

302 2677 393 2742 τίδων
414 2681 470 2741 καί
490 2677 593 2744 νόθων
614 2681 669 2742 καί
689 2679 849 2763 παροίκων
871 2681 926 2742 καί
947 2678 1048 2756 ξένιον.

259 2777 308 2845 Ae
347 2785 440 2864 parte
476 2785 501 2842 B
542 2781 734 2846 continetur:
790 2780 926 2845 Φιλίτιον
960 2778 1166 2844 Ἀπολλωνίου
1204 2779 1281 2858 Η).
1332 2781 1474 2866 Gymna-

261 2880 434 2947 siarchiam
446 2881 470 2967 1)
512 2889 679 2967 praestant
719 2883 951 2969 posterioribus
987 2882 1185 2968 temporibus
1220 2903 1335 2970 saepe,
1372 2906 1474 2968 quare

260 2983 391 3067 publice
411 2983 621 3050 honorantur:
645 2991 751 3050 exstat
766 2986 800 3049 in
815 2986 912 3052 Caria
926 2984 1159 3071 στεφανηφόρος
1174 2989 1228 3050 καί
1242 2989 1475 3074 γυμνασίαρχος

853 304 874 368 4

259 515 331 581 sint.
381 511 632 578 Innumerabilia
666 519 739 578 sunt
767 513 926 598 exempla.
974 512 1047 578 Non
1075 531 1149 576 raro
1176 509 1335 595 reperitur
1357 510 1482 575 mulier

258 615 521 701 στεφανηφόρος)
544 622 580 681 ut
601 616 759 701 Smyrnae
781 614 835 695 (01
856 616 897 698 Π,
920 614 1014 698 3150,
1039 615 1105 679 let
1126 614 1210 678 3173
1225 615 1251 678 Β
1267 612 1333 698 24),
1348 613 1482 697 Aphro

347 3256 367 3326 ¹)
402 3257 552 3327 Hermann,
579 3258 686 3328 Antiqu
713 3273 778 3314 saer
799 3263 814 3325 ς
835 3259 879 3331 24,
904 3261 944 3313 11.
970 3288 1004 3298 -
1031 3258 1101 3314 Cum
1124 3276 1238 3315 munere
1260 3261 1400 3315 flaminum
1416 3261 1473 3316 hoc

262 3347 444 3412 eomparatur
466 3361 484 3399 a
501 3345 640 3415 Dionysio
664 3344 691 3400 A
709 3345 735 3399 R
752 3346 789 3415 11,
807 3347 850 3401 64.
884 3346 1017 3402 Flaminis
1039 3347 1130 3402 Dialis
1148 3347 1360 3418 flaminicaeque
1377 3364 1471 3404 nonno

258 3430 431 3485 meminimus
449 3431 477 3485 in
494 3431 577 3486 titulo
596 3447 630 3486 ex
648 3431 858 3501 Aphrodisiade
877 3434 1026 3503 desumpto
1044 3434 1171 3504 legentes
1189 3436 1239 3502 (Le
1256 3436 1322 3503 Bas,
1334 3434 1404 3490 Asis
1415 3437 1474 3491 min

258 3516 284 3571 N
304 3517 394 3586 1592):
427 3514 568 3586 Ἱεροκλῆς
582 3515 769 3585 Ἐρμοφοὶντου
788 3515 927 3588 ἀρχιερεὺς
944 3525 992 3573 καί
1009 3519 1210 3587 στεφανηφόρος
1226 3523 1278 3573 κτλ
1299 3525 1348 3574 καί
1363 3519 1380 3589 ἡ
1401 3525 1466 3591 γυνη

260 3598 341 3656 αὐτοῦ
357 3599 530 3672 Ἀριστονείκη
546 3600 763 3672 Ἀριστοκράτους
780 3603 798 3675 ἡ
817 3602 955 3675 ἀρχιέρεια
972 3612 1020 3660 καί
1037 3606 1238 3674 στεφανηφόρος
1255 3610 1322 3660 aab?

346 3689 369 3758 ¹)
405 3689 562 3745 Aeschines
581 3707 597 3744 c
615 3691 678 3745 Tim
697 3697 712 3756 ξ
732 3693 790 3746 119.
810 3723 843 3732 -
861 3692 973 3748 Gilbert
989 3710 1008 3762 p
1026 3693 1085 3747 335.

346 3776 367 3845 ⁸)
403 3776 548 3844 Gilbertp
570 3777 626 3830 171.

344 3862 367 3929 ⁴)
403 3861 486 3927 Quod
511 3867 606 3917 autem
634 3863 738 3919 ceteris
764 3865 837 3919 locis
863 3865 937 3921 illius
960 3865 1034 3921 tituli
1060 3864 1182 3923 feminae
1204 3883 1262 3924 uon
1279 3875 1466 3924 memorantur

257 3949 312 4004 nisi
330 3948 403 4004 hune
420 3949 449 4003 in
466 3950 593 4006 modum:

292 4032 307 4088 ὁ
327 4038 399 4088 δεῖνα
416 4039 464 4087 καί
481 4033 547 4102 ὑπὲρ
565 4040 613 4105 τῆς
630 4038 756 4104 γυναικός
774 4042 806 4104 Η,

258 4119 302 4175 efr
320 4121 355 4175 de
374 4120 417 4176 his
435 4121 533 4176 verbis
550 4139 569 4191 p
587 4124 629 4176 45.

346 4207 366 4274 ⁶)
402 4208 445 4263 De
455 4208 682 4278 gymnasiarchia
690 4208 858 4266 Atheniensi
870 4209 914 4266 cfr
925 4211 1051 4281 Boeelrh,
1064 4211 1181 4268 Staatsh
1192 4214 1214 4281 I,
1224 4214 1275 4268 609
1284 4217 1315 4268 et
1323 4213 1468 4286 Thumser,

256 4293 300 4348 De
319 4294 366 4350 eiv
384 4293 441 4349 Ath
461 4294 587 4349 munerib
606 4312 625 4363 p
643 4295 685 4352 88.
