3050 5025
576 291 779 390 „m

64 496 162 585 4244,
174 498 273 566 4248:
297 521 369 566 cum
390 501 478 567 filiae
493 502 603 586 proles
617 500 776 566 infinitam
790 500 911 567 habeat
925 499 1067 584 sepulcri
1081 504 1285 583 potestatem,

1 642 2 645 =
64 602 192 687 prolem
214 602 272 668 filii
295 604 424 670 excludi
446 604 575 687 diserte,
604 605 665 669 etsi
693 625 751 688 pro
781 604 922 670 moribus
949 603 1077 669 illerum
1106 608 1285 687 temporum

1 704 2 743 l
66 705 339 773 Graeccrcmanis
361 708 517 774 beneficio
540 707 682 791 quodam
710 707 863 773 damnum
890 706 957 772 filio
984 706 1190 773 resarciatur.
1235 703 1285 769 De

62 809 168 893 patris
189 810 369 877 hereditate
391 813 558 878 haetenus.

1 910 2 913 ’
149 914 319 981 Maternae
341 934 393 981 res
415 915 545 981 filiabus
568 914 655 1000 apud
677 913 777 980 lndcs
798 914 940 980 nondum
967 914 1076 999 nuptis
1099 912 1284 995 obtingunt:

1 1006 2 1067 ἶ
64 1036 152 1099 quae
175 1024 283 1083 tamen
306 1018 359 1083 lex
381 1025 496 1103 postea
518 1016 756 1100 quodammodo
784 1017 954 1081 immutata
981 1022 1040 1081 est.
1083 1016 1152 1082 Nee
1180 1013 1286 1079 simile

66 1122 243 1203 quicquam
266 1128 322 1187 aut
344 1117 432 1206 apud
443 1123 607 1187 Romanos
629 1120 788 1205 reperitur
810 1125 867 1185 aut
881 1119 970 1204 apud
985 1118 1173 1184 Germanus.
1217 1118 1287 1184 Nec

64 1223 100 1287 in
124 1224 264 1290 Graecia
285 1224 437 1291 universa
464 1231 630 1290 maternae
658 1224 724 1290 alia
752 1222 878 1289 ratione
906 1244 946 1289 ac
973 1228 1130 1307 paternae
1159 1240 1212 1288 res
1234 1220 1288 1284 he-

65 1325 209 1417 reditate
230 1328 368 1411 relinqui
390 1327 548 1393 videntur.
592 1330 630 1393 ln
658 1327 751 1392 titulo
780 1325 894 1392 Iudaei
916 1325 1197 1411 Panticapaeensi‚
1231 1323 1287 1389 ubi

65 1428 205 1496 Chresta
233 1430 429 1496 manumittit
455 1431 570 1498 Niciae
599 1429 767 1496 cuiusdam
794 1428 896 1494 uidua
909 1430 947 1513 ¹),
980 1427 1119 1494 heredes
1147 1426 1288 1493 feminae

65 1532 219 1599 dicuntur
245 1533 421 1620 Iphiclides
455 1540 488 1600 et
515 1534 718 1619 Heliconiae,
752 1553 833 1616 quos
865 1533 985 1598 liberos
1018 1530 1187 1597 habendos
1219 1529 1288 1595 reri

65 1636 174 1702 simile
198 1643 261 1703 est:
295 1657 371 1704 eece
394 1638 612 1704 testimonium
634 1638 782 1721 alterum,
810 1655 873 1718 quc
895 1635 1109 1720 Panticapaei
1129 1633 1231 1699 filiam
1253 1638 1287 1697 et

67 1739 171 1804 filium
203 1761 268 1806 una
301 1741 334 1805 in
366 1740 580 1806 hereditatem
613 1740 724 1806 vocari
758 1735 995 1823 ccmprcbatur.
1039 1739 1191 1803 Attamen
1223 1735 1286 1800 hcc

66 1843 200 1909 minime
222 1842 347 1910 Iudaici
370 1844 448 1908 iuris
471 1850 529 1909 est.

461 2052 511 2116 De
532 2050 663 2117 filiabus
686 2048 899 2115 hereditariis.

156 2188 191 2254 Si
214 2188 266 2254 cui
287 2208 392 2271 neque
413 2189 471 2254 filii
494 2196 569 2255 sunt
590 2188 726 2272 legitimi
748 2207 809 2253 nec
831 2208 852 2252 a
875 2184 1034 2251 defunctis
1056 2182 1287 2267 filiisnepctea

68 2311 88 2355 e
122 2291 195 2374 lege
218 2292 293 2356 'iam
320 2292 466 2358 Menalca
498 2291 712 2357 hereditatem
744 2290 833 2356 filiae
867 2293 1119 2370 consequuntur:
1153 2306 1288 2368 quarum

68 2393 201 2476 quidem
223 2394 344 2461 nubere
367 2395 453 2461 intra
475 2401 604 2479 gentem
627 2400 685 2479 est,
709 2400 745 2458 ut
767 2398 975 2459 conservetur
997 2410 1049 2456 res
1071 2388 1242 2455 familiaris
1253 2387 1288 2469 ²).

67 2498 108 2560 In
131 2496 270 2564 Graecia
299 2498 340 2564 de
366 2498 435 2564 filia
463 2497 660 2564 hereditaria
673 2497 697 2584 3)
726 2496 922 2583 praecipuae
949 2494 1040 2578 leges
1068 2492 1210 2578 scriptae
1237 2511 1289 2556 ex·

69 2605 168 2685 stant,
190 2607 227 2665 ut
248 2600 393 2667 familiae
415 2621 532 2667 nomen
553 2622 594 2667 ne
617 2601 851 2684 exstinguatur.
896 2598 1099 2680 Quamquam
1121 2596 1209 2660 filiae
1223 2616 1287 2660 non

68 2704 163 2788 ipsae
184 2703 322 2770 heredes
345 2725 425 2789 esse,
449 2704 507 2770 sed
529 2725 595 2770 una
618 2724 690 2770 cum
711 2703 845 2769 heredio
868 2701 1023 2787 proximis
1045 2719 1164 2784 genere
1185 2698 1288 2764 obtin-

70 2826 148 2889 gere
170 2807 327 2873 videntur.

157 2928 292 2995 Athenis
319 2931 572 3015 propinquorum
601 2929 746 2996 ordinem
774 2928 873 2993 fuisse
901 2928 975 3010 lege
1002 2924 1198 2991 destinatum
1220 2922 1289 2988 veri

70 3032 192 3096 simile:
216 3039 248 3098 et
271 3055 348 3099 cum·
364 3035 449 3099 inter
470 3035 613 3099 uterinos
635 3053 676 3098 ne
698 3053 756 3117 per
780 3031 921 3097 Atticam
943 3029 1073 3113 quidem
1095 3027 1200 3111 legem
1224 3047 1288 3091 ma-

69 3135 222 3201 trimonia
249 3136 318 3203 fieri
346 3138 454 3224 liceat
489 3137 607 3204 aetatis
636 3142 745 3201 autem
774 3134 900 3200 ratione
933 3132 1046 3198 habita
1074 3130 1194 3196 sororis
1221 3129 1288 3194 filio

69 3239 126 3304 vix
149 3239 347 3308 hereditaria
369 3262 510 3325 unquam
532 3242 648 3306 nubat:
672 3239 795 3324 primus
818 3243 868 3302 est
883 3235 1026 3301 de'functi
1041 3227 1190 3316 frater⁴)‚
1213 3232 1290 3296 dein

72 3340 170 3406 huius
192 3343 301 3410 fratris
323 3344 457 3429 filius⁶)‚
490 3350 555 3409 tum
588 3343 678 3408 euius
706 3347 810 3408 mater
838 3361 929 3406 scrcr
958 3345 1007 3404 est
1035 3336 1189 3420 defuncti,
1223 3342 1290 3400 tum

71 3517 275 3526 -—....-.............,

162 3619 183 3687 ¹)
220 3619 256 3673 01
274 3619 300 3672 II
318 3620 427 3691 21142:
445 3621 553 3690 Χρήστη
572 3619 637 3688 γυνὴ
656 3617 785 3685 πρότερον
803 3620 883 3670 Νικία
901 3617 948 3667 τοῦ
966 3613 1051 3667 Σώτοι.

160 3705 183 3774 ²)
218 3707 291 3761 Num
309 3707 425 3776 XXVII,
445 3710 526 3762 l-ll
548 3712 577 3764 et
594 3705 725 3762 XXXVI.

163 3795 185 3863 ⁸)
221 3809 294 3864 quae
319 3795 478 3864 appellatur
496 3799 649 3864 ἐπίκληρος,
669 3796 839 3860 ἐπιτιληρῖτις,
856 3792 1017 3857 πατροῦχος,
1036 3787 1203 3855 ἐπιπάμοιτις.

161 3882 183 3951 ⁴)
219 3883 284 3936 lsae
314 3881 341 3936 X
368 3883 398 3936 5:
424 3877 606 3950 Ἀριστομένης
631 3883 684 3950 γυὶρ
712 3876 831 3946 ἀδελφὸς
857 3878 892 3931 ὢν
915 3881 1017 3930 ἐκείνου
1041 3878 1088 3928 τοῦ
1110 3871 1289 3942 Ἀριστάρχου,

33 3989 35 3994 ’
73 3966 150 4032 ὄντος
175 3963 246 4036 αὐτῷ
271 3973 342 4032 υἱέος
363 3971 411 4020 καὶ
433 3969 576 4036 θυγατρός,
599 3963 738 4038 ἀμελήσας
761 3966 779 4036 ἠ
805 3961 885 4029 αὐτὸς
909 3968 978 4031 ἔχειν
1000 3963 1018 4031 ἧ
1038 3964 1075 4029 τῷ
1092 3967 1143 4014 υἱεῖ
1159 3962 1225 4030 μετὰ
1243 3961 1290 4014 τοῦ

72 4056 176 4124 κλήρου
195 4057 401 4109 ἐπιδικάσασθαι
417 4057 475 4107 κτλ.

163 4143 184 4212 ⁶)
219 4145 283 4198 Isae
301 4142 336 4212 X,
356 4143 372 4195 5
392 4143 421 4195 et
440 4141 486 4212 111,
509 4141 556 4196 72:
593 4135 650 4195 ἀλλ’
677 4139 737 4195 οὔτε
761 4145 866 4209 ἐγένετο
885 4134 936 4191 οὔτ’
957 4141 1020 4206 ἔστι,
1039 4139 1074 4204 μὴ
1093 4141 1239 4204 γενομένων
1258 4137 1290 4205 δὴ

73 4235 174 4284 παίδων
189 4235 301 4298 γνησίων
320 4235 420 4298 ἐκείνῳ,
440 4232 572 4298 ἐγγυτέρω
590 4227 666 4297 ἡμῶν
684 4225 746 4282 οὐδὲ
764 4233 814 4291 εἷς·
834 4223 952 4291 ἀδελφὸς
971 4229 1018 4292 μὲν
1035 4225 1087 4291 γὰρ
1106 4219 1156 4275 οὐκ
1174 4223 1207 4290 ἦν
1220 4218 1292 4290 αὐτῷ

75 4315 132 4371 οὐδ’
154 4314 272 4384 ἀδελφοῦ
291 4321 392 4385 παῖδες,
413 4322 444 4370 ἐκ
464 4321 494 4370 δὲ
512 4320 560 4386 τῆς
579 4312 699 4386 ἀδελφῆς
717 4314 793 4384 ἡμεῖς
809 4314 878 4381 ἦμεν
897 4309 976 4379 αὐτῷ.
