3050 5025
846 313 885 375 16

346 518 383 582 In
405 519 572 604 Delphicis
594 518 878 585 manumissionum
900 518 1003 585 titulis
1029 518 1189 586 interdum
1211 520 1234 585 ii
1255 518 1482 601 nominantur,

259 642 280 685 a
303 621 418 704 quibus
440 641 567 688 servum
588 621 684 687 herus
707 621 799 687 emit:
829 642 869 687 ao
896 620 938 687 de
959 622 1080 689 aneilla
1102 624 1145 690 ab
1164 623 1295 689 homine
1316 622 1481 688 Locrensi

260 724 434 808 liberata¹)
457 724 608 808 legimus:

300 826 355 898 τύιν
377 826 472 914 ἔλαβε
492 827 580 912 παρὰ
600 825 770 909 Λυκίσκας,

257 948 317 995 neo
339 929 434 994 aliter
454 929 487 994 in
509 929 602 995 titulo
625 929 842 1015 Dryopaeib:

302 1030 339 1097 ἂν
361 1030 452 1110 αύτύς
475 1031 600 1117 ἐπρίατο
623 1030 710 1117 παροί
730 1032 858 1096 Φειδίου
879 1032 1037 1117 Δελφίδος.

257 1135 306 1200 Ao
333 1154 372 1200 ne
405 1155 445 1200 ex
477 1135 527 1201 his
560 1134 689 1219 quidem
712 1134 840 1201 efficere
862 1135 937 1201 illas
958 1137 1109 1202 mulieres
1130 1136 1200 1201 sine
1222 1136 1336 1202 tutoris
1357 1141 1480 1201 auoto-

258 1238 354 1302 ritate
375 1236 560 1304 vendidisse
581 1239 666 1304 lieet.
711 1237 831 1304 Contra
853 1238 936 1304 alius
957 1238 1069 1304 titulus
1079 1237 1104 1324 ³)
1126 1238 1271 1304 exhibet:

302 1339 319 1405 ὃ
342 1340 468 1426 ἐπρίατο
490 1339 578 1426 παρὰ
598 1341 747 1426 Χαίριδος
769 1344 824 1406 καί
844 1339 1030 1426 Εύκαρπίδα
1051 1340 1231 1424 Λεπαδέων,

291 1627 415 1694 ἐσχατιᾶς
432 1629 480 1679 καί
496 1626 545 1693 τῆς
571 1626 658 1689 οίκίας
683 1629 731 1677 καί
756 1626 804 1678 τού
825 1624 926 1692 πύργου
952 1624 987 1677 ῶν
1009 1628 1118 1691 ἐπρίατο
1138 1620 1261 1692 Ἀμφυλίς
1283 1624 1356 1691 παριί
1382 1626 1473 1676 Κλεο-

291 1717 359 1778 litus
385 1716 434 1781 τῆς
454 1714 592 1765 Κλεοδέου
618 1715 668 1764 καί
687 1716 781 1779 κυρίου
803 1712 975 1778 Κλεοφύνους
997 1711 1101 1765 πάντων
1122 1713 1156 1765 τοὶ
1176 1710 1257 1780 ήμίση
1281 1715 1320 1775 οίς
1342 1714 1438 1777 γείτων
1456 1708 1474 1761 ὀ

291 1804 363 1853 δεῖνα
380 1801 505 1867 δραχμῶν
523 1794 649 1866 ἀργυρίου
674 1802 837 1851 ἑπτακοσίων
859 1797 1025 1867 πεντήκοντα
1043 1800 1245 1867 συνεπαινούσης
1262 1800 1402 1861 Kasossos
1421 1799 1474 1865 τῆς

290 1889 428 1941 Κλεσδέου
447 1886 512 1953 μετὰ
532 1888 578 1937 τού
597 1889 689 1952 κυρίου
706 1886 888 1952 Κλεοφύνους.

253 1974 287 2029 Id
315 1988 405 2043 genus
442 1970 627 2040 permissione
654 1987 716 2028 oum
745 1973 893 2041 possessio
921 1972 1048 2042 cedatur,
1074 1988 1130 2027 non
1157 1972 1256 2027 mirum
1282 1976 1327 2026 est
1354 1970 1472 2041 kyrium

255 2060 383 2115 inveniri.
419 2058 484 2114 Sine
502 2058 560 2113 ulla
576 2072 648 2112 vero
667 2057 842 2113 dubitatione
859 2057 964 2114 fiducia
982 2060 1072 2114 estin
1083 2076 1104 2112 v
1117 2060 1152 2114 73
1164 2058 1328 2114 statuenda:

291 2143 414 2214 Πύδύτης
428 2143 590 2213 Ἡρακλείου
605 2140 788 2209 ’Πλειδυαιεύς
806 2141 912 2212 Ἀρχισ·
926 2165 932 2177 ·
946 2161 953 2175 ·
966 2161 973 2175 ·
986 2148 1019 2199 ἐκ
1035 2145 1140 2209 πόλεως
1157 2145 1191 2213 ής
1207 2145 1299 2212 κύριος
1317 2143 1474 2211 Τιμόμαχος

291 2231 445 2301 Τιμομάχου
469 2229 650 2299 Ἡρακλείδης
677 2227 816 2295 ἀπέδ[ωκε
843 2232 891 2300 τήν
917 2235 1031 2296 etamsi]
1049 2231 1067 2300 ἣ
1085 2231 1119 2300 ήν
1135 2232 1265 2299 πρότερον
1281 2227 1417 2297 Εὐβούλου
1435 2230 1472 2298 ἣν

289 2323 398 2387 ἐπρίατο
416 2321 533 2385 Πραξίας
550 2318 624 2384 παρὰ
642 2312 778 2383 Εὐβούλου
795 2318 867 2371 κατὰ
886 2317 990 2371 δάνειον
1007 2314 1045 2371 ἐπ’
1066 2317 1195 2387 ἄρχοντος
1206 2318 1302 2386 Ἄρχου
1320 2320 1367 2370 τού
1379 2312 1469 2371 Εύπο-

290 2410 380 2474 ριῶνος
396 2406 414 2473 ή
432 2409 548 2472 γείτονες
559 2404 734 2470 Καλλιδοίμας
745 2408 905 2458 Πανταλέων
919 2407 1042 2472 δραχμῶν
1054 2400 1181 2474 ἀργυρίου
1194 2406 1290 2457 ἑκατὸν
1302 2408 1469 2471 συνεφίοντος

288 2495 357 2549 κατὰ
374 2494 404 2548 τύ
422 2493 525 2547 δοίνειον
542 2496 589 2546 καί
605 2492 846 2561 συνομολογούντος
863 2494 1030 2560 Πυδοκρίτου
1044 2488 1229 2562 Ἀνδρογένους
1246 2496 1279 2549 ἐκ
1296 2492 1409 2557 πόλεως.
1518 2528 1519 2545 ι

255 2582 293 2637 ad
311 2595 384 2650 quae
402 2580 493 2636 verba
511 2578 556 2634 ofr
572 2596 593 2632 v
611 2579 660 2634 98:

289 2668 306 2737 ἣ
327 2672 460 2736 τετίμηται
477 2659 613 2734 Φιλήμονι,
631 2668 764 2735 πρατῆρες
782 2666 908 2735 Φιλήμων
925 2669 1076 2733 Πασιφίλου,
1094 2669 1236 2734 Πασίφιλος
1255 2666 1413 2736 Φιλήμονος.

253 2755 286 2810 In
304 2771 325 2809 v
343 2754 376 2807 19
394 2769 448 2824 sqq
466 2767 604 2823 quaenam
621 2753 696 2808 ratio
716 2753 909 2809 concessionis
928 2754 973 2822 sit,
991 2769 1048 2808 non
1067 2758 1193 2808 constat:

287 2841 375 2894 πάντα
396 2839 446 2893 ὅσα
470 2843 574 2907 ἐπρίατο
597 2843 721 2907 Πασιφῶν
747 2841 818 2908 παραὶ
844 2841 964 2907 musa]
990 2838 1163 2905 Ἁναξικλέους
1189 2839 1394 2904 mumque
1419 2840 1470 2906 τῆς

289 2933 382 2991 δεῖνος]
396 2922 560 2993 Ἀντιπάτρου
571 2928 725 2994 Θρυησ[ίδος
741 2932 788 2981 καί
803 2930 852 2996 τῆς
870 2931 951 2990 δεῖνος
968 2929 1012 2980 τού
1024 2930 1117 2991 δεῖνος]
1129 2931 1260 2991 Φυαοιίδος
1270 2930 1316 2997 καί
1326 2927 1371 2980 τού
1382 2930 1471 2992 κυρίου

243 3066 246 3074 ,
289 3009 378 3080 αύτῶμ
392 3009 539 3080 Ἀντιχύρου
553 3007 714 3080 Πύπορίωνος
732 3015 909 3081 Θρυήσίουκαί
926 3008 1423 3081 ΚλεοφύνουΚλεοδέουἘλειθυωίως.

341 3099 394 3154 Est
420 3103 514 3154 autem
541 3098 640 3168 kyrios
667 3099 838 3155 Antiobares
865 3115 949 3155 nemo
976 3099 1048 3155 elius
1076 3116 1159 3171 qnam
1181 3102 1206 3155 is
1230 3102 1278 3171 qui
1304 3101 1371 3154 emit
1396 3099 1467 3167 ipse.

253 3187 383 3242 Adnotat
399 3186 522 3241 Dareste
540 3189 616 3240 reete
633 3185 680 3240 ille
699 3186 826 3256 quidem:
845 3188 886 3257 „11
903 3203 923 3257 y
941 3187 1020 3241 avait
1038 3186 1112 3241 dono
1130 3187 1294 3256 opposition
1312 3185 1468 3253 d'interets,

255 3280 284 3330 et
307 3290 342 3328 en
364 3273 455 3343 pareil
478 3288 535 3342 aas,
565 3273 594 3328 la
615 3273 653 3327 loi
677 3272 820 3344 franqaise
843 3274 924 3345 exige
950 3290 988 3328 un
1010 3277 1106 3328 tuteur
1128 3274 1166 3328 ad
1192 3271 1255 3342 boo,
1284 3273 1356 3327 mais
1378 3272 1406 3326 la
1427 3272 1468 3328 loi

254 3376 361 3432 greque
379 3375 415 3415 ne
432 3362 528 3429 parait
554 3374 608 3428 pas
639 3357 724 3414 s'etre
750 3362 929 3429 preoooupee
956 3360 992 3415 de
1019 3375 1052 3414 oe
1080 3361 1155 3415 oas“.
1190 3359 1364 3430 Quamquam
1389 3358 1467 3413 bona

254 3447 363 3503 dotalia
379 3447 481 3501 marito
509 3445 670 3500 abalienare
696 3461 732 3500 ne
760 3445 837 3514 apud
863 3445 989 3502 Graecos
1017 3445 1129 3515 quidem
1158 3446 1224 3500 lieet
1250 3446 1309 3500 nisi·
1327 3445 1466 3515 permissu

254 3534 328 3588 illius
355 3533 458 3587 tutoris
486 3531 534 3602 qui
564 3532 742 3600 comparavit
769 3533 878 3588 dotem:
900 3531 944 3587 afr
971 3548 1032 3587 eum
1060 3533 1096 3587 de
1122 3531 1208 3588 rebus
1225 3531 1388 3602 Amorginis
1406 3535 1464 3586 tum

255 3621 373 3676 maxime
392 3620 428 3675 de
445 3619 516 3688 ipsis
529 3618 626 3672 Teuiis
644 3617 719 3672 infra
730 3635 749 3688 p
759 3618 794 3672 35
803 3632 866 3689 sqq.
895 3619 928 3674 In
942 3635 963 3671 v
974 3618 1008 3673 39
1023 3634 1079 3672 uon
1089 3619 1173 3674 modo
1182 3618 1342 3673 venditoris
1351 3618 1399 3688 qui
1410 3618 1465 3672 iam

254 3721 323 3761 suae
345 3705 499 3775 potestatis
518 3709 563 3759 est
580 3708 663 3774 pater
689 3705 860 3774 astipulatur
877 3704 1011 3759 -buius
1032 3704 1105 3759 enim
1122 3709 1208 3760 antea
1230 3703 1334 3759 fundus
1356 3703 1410 3760 fuit
1431 3733 1465 3745 —

253 3808 352 3849 verum
370 3793 456 3847 etiam
473 3795 557 3861 pater
574 3791 723 3860 emptoris:

287 3882 426 3946 Καλλιφῶν
442 3878 583 3947 Κτήτωνος
597 3877 777 3946 Ἡρακλειδῶν
794 3877 867 3946 παρὰ
885 3878 980 3932 Φῶκσυ
999 3881 1142 3943 Φωκίωνος
1154 3881 1283 3947 Θρυησίου
1297 3881 1405 3945 ἐπρίατο
1418 3879 1465 3948 τήν

287 3966 402 4035 οἰκίανή
425 3965 458 4036 ἦν
482 3965 608 4034 πρότερον
633 3968 677 4018 τού
703 3966 801 4032 πατρὸς
827 3961 904 4019 αύτού
928 3966 1065 4035 Πτήτωνος
1087 3968 1287 4029 συνεποινοῦντος
1309 3964 1404 4018 Φῶκου
1421 3971 1465 4018 sol

288 4054 425 4123 Κτήτωνος
443 4055 487 4105 τού
504 4051 604 4119 πατρὸς
622 4055 666 4105 τού
683 4055 876 4120 Καλλιφῶντος.

254 4141 365 4197 Nodum
384 4139 517 4207 expedire
537 4137 683 4208 ecquidem
701 4154 820 4209 nequeo.

346 4226 367 4294 ¹)
402 4225 541 4280 Wesoher
559 4228 588 4279 et
605 4225 738 4294 Foueart,
756 4226 837 4281 Insor
854 4226 890 4281 de
907 4225 1032 4296 Delphos
1050 4226 1135 4282 1165.

340 4312 364 4382 ’)
399 4311 428 4366 11)
449 4311 505 4366 198.
525 4341 558 4350 --
578 4311 600 4380 ⁸)
618 4311 648 4367 ib
669 4312 725 4366 126.
