3050 5025
576 329 779 431 A*

68 535 133 603 tati
154 536 242 605 facto
265 535 464 623 provinciam
498 542 694 607 senatoriam
726 541 833 608 denuo
866 539 1004 608 instituit
1016 541 1047 623 ¹).
1092 538 1184 620 Quae
1212 560 1285 611 curn

66 641 117 707 ita
139 662 192 707 res
213 661 250 708 sc
271 641 423 726 habeant,
456 641 594 711 Laldam
616 644 793 731 impuberis
825 645 965 713 feminae
978 652 1177 732 curatorem,
1211 656 1285 734 post

66 746 125 809 τοῦ
147 751 256 812 autern
279 765 394 812 nomen
422 748 525 832 patris
552 749 705 831 scriptum
733 748 834 815 fuisse
865 750 1060 836 putabimus.
1089 788 1131 801 -
1158 752 1285 817 Deinde

67 848 173 914 Meier
205 869 278 915 eum
310 848 352 915 de
389 850 518 916 Ernesti
556 851 684 918 Curtius
723 852 900 919 Anecdotis
932 853 1099 940 Delphicis
1131 854 1284 922 iudicium

67 951 194 1018 faceret
205 952 240 1038 ²),
262 951 322 1018 illa
343 954 443 1019 verba
465 954 721 1032 συνευδοκοῦντος
741 956 797 1021 τοῦ
819 956 925 1040 δεῖνος,
948 977 1019 1022 cnm
1042 958 1162 1023 femina
1177 978 1286 1024 manu-

67 1057 186 1122 missor
208 1062 267 1142 est,
301 1055 344 1121 ad
372 1062 510 1123 tutorem
543 1057 676 1144 rettulit,
710 1078 794 1141 quae
825 1059 921 1125 aliter
953 1060 1033 1127 alibi
1065 1060 1287 1145 intellegenda

66 1158 266 1246 viderentur.
309 1159 445 1225 Etiamsi
467 1159 565 1227 latius
586 1167 678 1245 patet
699 1160 734 1226 id
756 1164 961 1246 συνευδοκεῖν,
989 1164 1024 1229 in
1045 1164 1155 1229 multis
1176 1170 1286 1229 tamen

67 1263 173 1329 titulis
193 1262 362 1348 Delphicis
383 1264 607 1331 manumissori
629 1264 770 1331 feminae
791 1266 841 1330 vir
861 1266 970 1332 nullus
987 1266 1082 1333 adest
1095 1267 1158 1333 nisi
1172 1271 1286 1332 auctor

68 1365 232 1432 secundus
253 1371 352 1450 atque
374 1372 488 1432 testes:
511 1367 601 1434 velut
622 1367 663 1431 W
679 1369 706 1432 dr
720 1368 746 1431 F
769 1367 821 1453 60,
845 1370 917 1452 102,
941 1370 1012 1454 110,
1037 1368 1108 1453 115,
1125 1370 1196 1453 132,
1214 1368 1285 1453 147,

67 1469 143 1535 259.
167 1507 209 1517 -
230 1469 301 1536 Ηυυ
324 1470 497 1536 Oaillemer
519 1475 648 1536 secutus
659 1469 681 1547 ³)
704 1490 832 1556 semper
853 1454 887 1537 in
915 1472 955 1538 iis
982 1470 1286 1538 manumissionibus

67 1578 208 1638 tutorem
229 1572 461 1659 interposuisse
489 1573 714 1639 auctoritatem
741 1573 920 1640 contendit:
950 1593 1046 1658 quam
1075 1594 1147 1639 curn
1175 1573 1285 1657 utique

67 1676 239 1761 perleges
268 1676 486 1743 necessariam
519 1695 591 1743 esse
625 1682 759 1761 constet,
792 1678 824 1742 in
856 1676 959 1743 titulis
990 1676 1139 1742 nimirum
1172 1677 1285 1743 omitti.

67 1777 246 1862 Praeterea
278 1778 406 1845 silentio
439 1798 535 1865 posse
568 1779 793 1845 anctoritatem
825 1780 1000 1865 interponi:
1040 1779 1127 1863 quod
1156 1778 1285 1863 quidem

67 1882 184 1946 statuit
205 1882 457 1965 quotiescunque
480 1888 536 1948 aut
557 1882 691 1949 maritus
713 1888 771 1948 aut
791 1882 886 1948 homo
908 1902 1027 1966 genere
1053 1882 1218 1967 proximus
1240 1882 1286 1946 in-

66 1985 218 2051 veniatur
240 1986 448 2053 συνευδοκῶνε
478 2006 636 2052 necuere
665 1992 803 2051 tutorem
830 1986 935 2051 minus
962 1983 1070 2050 audiri
1101 1986 1179 2069 vult,
1213 2006 1285 2051 cum

67 2088 159 2154 iussu
182 2088 253 2171 quis
275 2089 382 2155 mariti
406 2087 581 2175 βεβαιωτήρ
604 2089 740 2154 exsistat
761 2086 978 2172 (κελεύσαντος
992 2093 1047 2153 τοῦ
1064 2086 1174 2173 δεῖνος)
1196 2088 1286 2154 velut

66 2190 109 2256 W
131 2190 207 2255 &F
237 2191 308 2275 120,
337 2190 409 2257 236.
433 2193 602 2258 ‘Ceterum
630 2192 778 2275 intellegi
805 2191 1030 2258 auctoritatem
1056 2192 1201 2276 potuisse
1228 2198 1285 2257 aut

67 2314 109 2359 ex
143 2294 215 2377 ipso
249 2293 390 2361 adventu
423 2295 513 2360 cuius
545 2296 664 2361 mentio
697 2315 761 2361 non
794 2294 852 2361 hat
884 2300 941 2360 aut
970 2314 1010 2359 ex
1032 2294 1148 2360 litteris
1170 2294 1285 2360 tutoris

66 2396 190 2463 allatis.
227 2395 315 2463 Satis
331 2402 417 2463 esset
430 2396 610 2483 probabilis
624 2396 706 2464 haec
721 2396 891 2483 sententia,
907 2397 934 2463 si
949 2396 991 2462 de
1005 2398 1119 2482 paucis
1135 2402 1285 2481 ageretur

65 2501 173 2583 iisqne
205 2499 373 2586 Delphicis
406 2499 627 2567 tantummodo
661 2501 778 2568 titulis:
812 2507 847 2567 at
881 2500 1001 2567 nemini
1037 2499 1285 2588 persuadebitur

66 2606 209 2690 primum
230 2605 263 2668 iu
286 2608 377 2669 tanto
411 2604 580 2669 mulierum
613 2623 696 2687 quac
728 2603 866 2689 Delphis
897 2605 1126 2670 manumittunt
1153 2623 1284 2669 numero

66 2726 186 2773 nomen
208 2705 313 2792 κύριος
335 2726 461 2792 semper
483 2706 576 2790 quasi
598 2726 873 2792 supervacaneum
895 2707 1009 2790 omitti,
1032 2706 1150 2772 deinde
1170 2707 1285 2771 mirum

68 2810 234 2893 quendam
262 2812 295 2875 in
323 2809 470 2894 modum,
498 2809 680 2893 ubicunque
707 2811 796 2876 valet
828 2810 988 2876 Graecum
1015 2810 1081 2894 ius,
1109 2810 1171 2876 hoc
1198 2809 1285 2875 idem

68 2913 231 2980 accidere.
274 2914 381 2996 Atque
403 2913 561 2996 Georgius
582 2914 705 2998 Ferret,
729 2933 802 2978 cum
823 2913 866 2978 dc
887 2913 1039 2979 Fouearti
1065 2913 1177 2978 libello
1203 2910 1284 2978 iudi-

69 3037 144 3082 cum
166 3015 268 3082 faciat
279 3017 314 3100 ⁴),
346 3022 518 3102 propterca
550 3037 614 3082 non
647 3009 794 3101 reperiri
814 3016 893 3083 dicit
925 3017 958 3081 in
986 3016 1089 3082 titulis
1117 3014 1283 3100 Delphicis

66 3124 218 3203 tutorem,
246 3118 333 3202 quod
355 3120 442 3185 aliae
474 3125 571 3202 atque
603 3118 739 3184 Athenis
772 3119 852 3184 alibi
884 3120 974 3203 leges
996 3118 1187 3186 statuendae
1209 3118 1283 3184 sint.

69 3221 163 3300 Quae
186 3222 227 3288 de
249 3215 495 3289 Lacedaemone
516 3223 617 3288 verba
639 3221 726 3306 fecit,
749 3222 921 3289 Oaillemer
941 3222 1007 3288 iarn
1028 3223 1093 3288 ista
1115 3221 1282 3286 refutavit:

65 3325 250 3392 firmissimo
282 3345 359 3392 vero
392 3324 547 3391 adversus
575 3325 742 3390 Perrotum
775 3331 963 3409 argumento
995 3325 1097 3390 titulis
1125 3325 1285 3391 Boeoticis

68 3434 152 3494 utor.
197 3429 236 3494 In
256 3427 298 3492 iis
319 3465 359 3478 -
383 3427 451 3493 illic
472 3427 558 3492 enim
580 3446 692 3493 servus
714 3426 775 3493 deo
798 3429 900 3510 gratis
922 3433 1137 3513 consecratur,
1162 3449 1227 3494 non
1249 3433 1285 3492 ut

68 3530 208 3617 Delphis
231 3536 320 3596 certo
343 3530 447 3616 pretio
475 3531 564 3596 venit
584 3567 626 3581 —-
649 3531 822 3598 Oaillemer
851 3537 988 3598 tutorem
1021 3531 1178 3616 agnoscit,
1211 3550 1284 3596 cum
1331 3540 1334 3545 '

68 3619 211 3700 feminae
222 3634 459 3700 manumittenti
470 3633 668 3719 propinquus
686 3633 803 3699 dicitur
821 3634 947 3719 adesse,
969 3634 1052 3700 sicut
1067 3635 1108 3700 01
1125 3635 1141 3699 I
1161 3633 1282 3704 160822

111 3736 251 3815 Δεξίππου
268 3733 415 3804 Ἀθανίου
437 3734 588 3823 παρόντος
611 3729 689 3822 adep*
717 3743 773 3802 τοῦ
800 3733 910 3821 ἀνδρὸς
937 3736 1080 3823 Σαμίχου
1107 3742 1162 3802 τοῦ
1188 3737 1283 3802 Φιλο-

109 3839 198 3919 ξένου
220 3838 397 3925 ἀνατίθησι,

158 4096 182 4164 ¹)
217 4096 389 4167 llarquardt,
407 4095 451 4152 De
468 4096 530 4165 reip
548 4096 621 4151 Rom
639 4095 883 4151 administratione
900 4096 950 4165 lp
970 4096 1028 4151 174.

157 4185 180 4254 ²)
214 4181 717 4254 AllgemLitteratur·Zeitung1843
734 4183 901 4239 December.
1313 4219 1317 4228 -

159 4271 182 4340 Ι)
218 4272 259 4325 Le
282 4276 396 4326 contrat
413 4271 449 4326 de
467 4277 553 4326 vente
572 4273 590 4325 a
606 4269 734 4333 Atheneo
752 4272 793 4326 11:
828 4271 928 4326 Rcvue
946 4271 983 4325 de
1000 4270 1081 4340 legisl
1099 4270 1234 4326 ancienne
1253 4275 1282 4325 et

67 4357 202 4414 moderne
221 4357 289 4414 1873
306 4374 325 4427 p
344 4359 360 4412 6
379 4373 441 4429 sqq.
462 4387 491 4398 -
509 4359 532 4428 ⁴)
567 4357 667 4414 Revue
686 4357 805 4428 critique
826 4357 891 4412 1867
908 4358 949 4413 IV
966 4374 985 4426 p
1003 4357 1037 4411 36
1056 4373 1117 4426 sqq.
