3050 5025
629 369 669 434 41

37 574 123 640 sicut
156 573 318 639 interdum
351 581 462 642 atota
495 575 619 641 familia
652 576 740 642 facta
774 578 974 645 consecratio
1007 577 1150 662 dicatur,
1183 599 1256 644 cum

39 696 136 743 nemo
172 685 317 763 sumptus
350 679 412 745 nisi
444 684 539 765 pater
571 679 712 745 familias
740 682 864 746 toleret.
920 683 1099 768 Spartanus
1127 681 1256 764 quidem

34 781 151 845 titulus
175 787 296 861 exstat:

77 900 280 987 Ἀριστοκλῆς
313 900 390 989 μετὰ
422 902 478 987 τῆς
510 902 653 988 γυναικὸς
679 906 733 968 καὶ
760 904 820 969 τῶν
846 903 962 970 τέκνων
989 903 1082 991 Τύχη
1101 903 1253 991 Ἐπηιιόῳ

79 1002 133 1069 τὸν
156 1004 261 1091 βωμὸν
283 1004 439 1085 ἀνέθηκεν
452 1006 484 1090 ¹),

35 1144 179 1207 quocum
203 1125 299 1191 facilc
322 1130 549 1211 comparantur
571 1126 774 1194 Orchomenii
796 1129 860 1196 duo
883 1130 1217 1213 manumissionum:

84 1244 285 1311 ἀνατιθέασιν
325 1243 487 1331 Ἱεροκλῆς
529 1246 682 1332 Πυθίνου,
715 1247 897 1315 Ἀνθιππῖνα
932 1249 1160 1335 Καφισοδωρου
1201 1254 1255 1316 καί

79 1346 227 1413 Σιίιιλεια
245 1346 449 1434 Ἱεροκλέους,

80 1450 234 1517 ἀντίθεντι
257 1472 348 1487 ·····
362 1474 394 1530 ος
416 1452 615 1539 Δαμοκλίδαο
639 1451 681 1538 κη
699 1446 873 1540 Ἱππαρὲτα
886 1476 893 1490 ·
907 1476 914 1491 ·
928 1476 935 1491 ·
949 1476 956 1491 ·
970 1476 977 1491 ·
990 1456 1033 1541 ao
1055 1454 1252 1542 Δαμονλίδας

78 1552 123 1641 κη
147 1554 314 1633 Φιλοκλεῖς
335 1552 378 1641 κη
401 1554 603 1642 Τιμοκράτεις
615 1576 706 1591 ·····

40 1675 142 1741 Utin
171 1675 222 1741 his
254 1675 413 1741 immerito
446 1676 570 1741 familia
603 1675 729 1743 dicatur
755 1684 824 1744 tota
853 1715 895 1726 -
923 1698 1027 1761 neque
1055 1682 1141 1744 enim
1168 1678 1254 1745 filiae

32 1778 155 1861 virgini
178 1780 350 1864 superstite
373 1785 542 1864 parentum
563 1786 698 1863 utroque
721 1780 788 1845 ullo
811 1785 906 1866 pacto
922 1782 1051 1867 propria
1074 1787 1181 1866 potest
1202 1802 1254 1849 res

32 1882 211 1947 familiaris
234 1901 369 1948 esse-
391 1888 498 1948 tamen
519 1883 626 1949 verbis
648 1883 813 1949 titulorum
836 1884 1119 1970 Chaeronensis³):

79 2001 219 2087 Κράτων
236 2000 368 2087 Ἀμινίου
390 2005 445 2067 καί
465 1998 584 2089 Εὐγίτα
605 2002 780 2087 Νικαρὲτου
803 2003 1101 2089 συνευαρεστούνιων
1123 2005 1253 2071 καὶτῶν

78 2106 156 2172 υίῶν
178 2102 385 2190 ἀνατιθέασιν,

32 2215 68 2273 et
91 2206 244 2294 Delphici
256 2210 294 2291 ⁴):

78 2328 268 2413 Σαραπείων
294 2328 349 2393 τοῦ
368 2327 538 2414 Ἐμμενίδα
564 2331 619 2393 καί
644 2322 664 2415 ἠ
688 2328 764 2415 γυνὴ
795 2324 889 2393 αὐτοῦ
918 2328 1171 2409 συνευδοκέοντος
1198 2334 1253 2395 καί

79 2432 136 2497 τοῦ
159 2432 225 2496 υίοῦ
249 2426 350 2497 αὐτῶν
371 2431 579 2518 Τιμοθὲωνος,

33 2558 102 2603 non
127 2535 265 2602 eandem
287 2556 414 2620 semper
430 2555 500 2602 esse
515 2556 582 2601 rem
606 2536 837 2620 cognoscimus.
880 2536 1016 2602 Accedit
1037 2537 1123 2620 quod
1137 2540 1171 2602 in
1189 2538 1253 2605 alio

33 2639 259 2706 Chaeronensi
289 2639 382 2704 titulo
411 2659 545 2706 aservo
574 2640 681 2706 mariti
709 2639 881 2723 diligenter
908 2639 937 2705 is
965 2639 1171 2725 distinguitur
1197 2642 1252 2724 qui

34 2743 211 2825 coniugum
234 2743 399 2808 amborum
422 2742 463 2808 sit
476 2744 513 2824 5);

80 2862 172 2929 Θέων
193 2861 349 2929 Διονυσίου
372 2865 426 2927 καὶ
445 2859 591 2948 Ἀθηναῒς
613 2860 744 2940 Φάωνος
774 2867 990 2939 κατοικοῦντες
1015 2863 1051 2948 ἐγ
1075 2862 1253 2950 Χαιρωνείᾳ

80 2965 246 3052 ἀνέθηκαν
267 2966 323 3051 τήν
346 2966 423 3031 ἰδίαν
445 2964 585 3052 θρεπτην
607 2965 766 3031 Διονυσίαν
789 2963 872 3049 ίεράν
894 2966 932 3051 τῇ
954 2965 1058 3051 Μητρὶ
1079 2967 1139 3030 τῶν
1168 2967 1253 3031 θεῶν

79 3068 317 3155 παραμείνασαν
355 3069 474 3146 ἑαυτοῖς
513 3070 572 3146 ἕως
614 3066 651 3133 ἀν
687 3068 779 3146 ζῶσιν
822 3061 1027 3153 ἀνενιιλητως.
1069 3068 1134 3134 Καὶ
1166 3067 1254 3133 Θέων

78 3172 238 3238 Διονυσίου
251 3169 417 3257 ἀνατίθησι
427 3172 478 3238 τὸν
489 3172 565 3237 ἴδιον
580 3170 691 3237 δοῦλον
701 3171 853 3256 Κέρδωνα
866 3166 1008 3250 ώςαιίτως
1021 3170 1253 3256 παραμείναντα

81 3277 184 3362 ἑαυτῷ
217 3297 251 3340 τε
283 3277 338 3339 καί
364 3271 529 3360 Ἀθηναίδι
562 3276 619 3351 ἕως
652 3275 727 3352 ζῶσι
767 3271 976 3360 ἀνενιιλητως,
1015 3275 1072 3360 τὴν
1104 3267 1252 3339 ἀνάθεσιν

84 3377 262 3464 ποιούμενοι
284 3377 335 3442 διά
356 3379 410 3443 τοῦ
433 3377 591 3462 συνεδρίου
613 3375 696 3442 κατὰ
717 3377 769 3444 τὸν
790 3375 896 3463 νόμοντ

33 3572 241 3580 -———-—-

188 3697 229 3750 Lo
246 3697 304 3751 Bas
323 3696 347 3750 iz
364 3695 566 3766 Waddington‚
584 3697 648 3766 Meg
667 3701 696 3751 et
713 3697 803 3764 Pelop
822 3695 880 3749 163.

187 3784 249 3838 Bull
268 3783 303 3838 do
322 3799 386 3838 corr
403 3781 459 3837 hell
478 3783 553 3852 1884,
571 3799 589 3852 p
609 3783 642 3838 72
661 3787 690 3838 ct
708 3783 749 3837 74.

127 3871 138 3901 ³
186 3869 221 3924 01
239 3871 260 3938 1,
281 3867 386 3941 1608}

128 3958 140 3988 ¹¹
187 3957 333 4028 Rangabe,
350 3958 458 4028 Antiqu
475 3956 566 4012 hellen
584 3957 619 4026 H,
637 3957 697 4011 904.

128 4044 148 4111 ⁵)
184 4044 248 4098 Bull
266 4045 300 4098 de
324 4060 390 4099 corr
407 4042 463 4097 hell
482 4043 555 4112 1884,
574 4044 615 4098 66.
652 4043 734 4108 Quod
751 4044 780 4097 in
798 4043 889 4098 altera
906 4047 990 4112 parto
1007 4043 1081 4098 tituli
1093 4045 1169 4113 apud
1181 4043 1254 4100 duos

36 4131 211 4202 aliquamdiu
244 4145 390 4186 remanere
426 4145 511 4184 servo
541 4131 708 4199 imperatur,
744 4130 845 4185 nullius
875 4131 1008 4184 momenti
1034 4136 1080 4185 est
1107 4131 1187 4185 vetut
1217 4131 1255 4186 CI

37 4219 135 4289 16082
152 4219 292 4288 mancipia
315 4217 351 4273 ab
377 4232 466 4271 uxore
490 4219 630 4272 Boeotico
641 4227 731 4272 'manu
748 4218 836 4272 missa
853 4216 930 4286 apud
948 4217 1042 4272 aviam
1060 4216 1119 4272 eius
1138 4233 1251 4272 manere

34 4305 183 4361 iubentur:
204 4303 247 4359 cfr
265 4305 300 4358 de
318 4301 463 4373 Delphicis
481 4301 562 4359 huius
581 4305 657 4360 modi
674 4304 800 4360 moribus
813 4304 946 4374 Foucert7
958 4304 1031 4361 Mem
1044 4319 1094 4360 sur
1104 4304 1251 4360 l'affranch
1316 4298 1319 4303 ’

35 4411 55 4464 p
76 4391 111 4446 23
129 4406 190 4460 sqq.
