3050 5025
658 309 695 371 11

74 517 134 581 nbi
156 516 410 601 intellegendum
431 521 570 581 tutorem
593 534 665 581 esse
686 516 755 581 veri
776 515 891 581 simile.
940 515 1092 581 Attamen
1114 512 1148 583 in
1168 519 1199 585 N
1223 520 1293 593 130,

74 619 133 685 ubi
156 620 290 685 Aetolus
313 618 445 703 quidam
467 637 564 683 manu
586 617 698 683 mittit:

121 720 166 808 ἅμ
188 720 338 808 πρότερον
361 721 487 807 ἐπρίατο
509 721 597 805 παρὰ
619 719 839 806 Τέλεσαγόρου
860 724 916 786 καί
933 719 1167 809 Ἀριστοβόυλας

75 832 109 891 et
132 825 166 891 in
187 826 218 892 N
239 825 302 889 247

122 926 160 995 ἂν
183 927 309 1014 ἐπρίατο
333 926 424 1006 αὐτός
446 925 533 1012 παρὰ
551 925 754 1013 Ἀριστάρχου
777 929 832 991 καί
851 924 1138 1014 ΔαμῶςἘριναίων

76 1031 275 1115 ooniugesne
304 1051 376 1098 oum
403 1030 595 1097 Thalheimo
609 1030 632 1115 ¹)
665 1051 707 1096 an
739 1036 876 1096 tutorem
909 1030 1097 1099 venditriois
1125 1054 1168 1099 an
1196 1034 1292 1099 aliam

75 1134 238 1201 rationem
260 1140 451 1219 statuamus,
475 1154 539 1200 non
561 1132 641 1199 satis
664 1133 868 1218 exploratum
890 1132 1026 1200 videtur.

165 1254 214 1319 De
235 1254 319 1318 tituli
342 1253 473 1339 Mylasii
485 1252 509 1337 ²)
531 1252 640 1318 verbis
661 1252 712 1317 bis
733 1251 880 1336 repetitis

122 1356 144 1420 οἳ
165 1356 371 1442 προςεπρίατο
394 1350 410 1421 ό
434 1354 579 1440 Θρασέας
600 1355 687 1439 παρὰ
706 1352 896 1440 Ἀρτεμισίας
916 1356 972 1439 τῆς
984 1353 1156 1421 Ἑκαταίου
1172 1358 1294 1444 Καταμ-

122 1460 238 1546 βίοσιος

75 1562 156 1645 quid
179 1563 221 1628 sit
242 1559 461 1644 indicandum,
494 1581 552 1646 pro
585 1560 626 1626 iis
662 1579 746 1643 quae
779 1559 874 1626 modo
906 1558 1046 1626 diximus
1074 1561 1207 1627 dubium
1229 1584 1293 1630 non

76 1666 156 1731 erit:
179 1664 257 1749 quid
279 1663 411 1731 tandem
432 1664 566 1729 interest
580 1664 680 1729 hoeoe
702 1664 773 1728 loeo
794 1664 909 1729 tutoris
923 1683 1051 1747 quoque
1072 1684 1189 1730 nomen
1204 1665 1293 1750 addi,

75 1789 150 1833 eum
173 1768 259 1835 illius
281 1768 409 1853 pristini
431 1766 553 1851 negotii
580 1787 644 1833 non
665 1766 723 1831 fiat
744 1765 863 1832 mentio
890 1767 954 1832 nisi
975 1768 1101 1832 obiter?
1145 1769 1294 1835 Ceterum

75 1872 110 1935 in
134 1870 195 1937 hoo
217 1872 289 1956 ipso
312 1870 432 1956 oppido
447 1871 596 1952 Mylasae
619 1889 690 1935 eum
705 1889 788 1935 unus
803 1869 898 1935 alteri
919 1870 1156 1956 possessionem
1179 1872 1293 1939 vieinis

75 1972 246 2040 advooatis
268 1972 387 2057 tradat,
410 1973 480 2039 eins
502 1972 557 2056 qui
570 1973 684 2055 kyrios
707 1977 756 2037 est
769 1972 872 2057 patris
887 1973 1031 2039 absentis
1052 1975 1139 2039 vioes
1155 1975 1293 2061 epitropi

74 2083 144 2143 tres
167 2076 346 2161 suscipiunt
358 2076 391 2156 ³).

161 2196 358 2281 Aegyptium
381 2202 487 2261 exstat
507 2194 675 2262 Neohutae
697 2194 784 2279 quod
807 2194 923 2261 dieitur
950 2196 1194 2263 instrumentum
1217 2200 1294 2264 anni

73 2300 122 2366 aO
135 2298 233 2365 CIV.:
256 2298 431 2364 Pinonthes
444 2298 494 2363 vir
509 2317 665 2363 annorum
681 2299 777 2362 trium
801 2304 832 2363 et
853 2300 987 2382 triginta
1003 2307 1036 2365 et
1050 2301 1292 2368 snaehomneus

72 2402 202 2487 viginti,
237 2401 419 2467 Semmuths
447 2400 561 2484 viginti
589 2398 653 2466 duo
682 2421 785 2465 annos
812 2408 890 2467 nata
919 2408 951 2467 et
978 2402 1131 2469 Tathaut‘
1149 2405 1292 2490 triginta,

75 2504 224 2591 germani
239 2511 400 2590 quattuor,
418 2525 531 2588 agrum
545 2503 712 2571 Neehutae
727 2503 879 2571 vendunt.
916 2506 1105 2573 Mulieribus
1120 2508 1293 2576 nominatis

74 2609 215 2693 legimus
237 2608 333 2674 haee:
364 2628 456 2692 „eum
485 2612 590 2673 tutore
618 2607 760 2691 ipsarum
785 2608 942 2675 Pinonthe
969 2631 1034 2676 una
1062 2630 1134 2676 oum
1155 2612 1197 2678 iis
1218 2633 1292 2678 ven-

73 2712 196 2777 dente“
230 2709 321 2798 (μετόι
353 2711 460 2795 κυρίου
493 2711 548 2775 τοῦ
577 2709 850 2796 ουναποδομένου).
906 2712 938 2777 ls
971 2732 1103 2779 numero
1136 2715 1293 2800 singulari

75 2813 214 2880 ἀπέδοτο
236 2815 387 2900 princeps
409 2820 441 2878 et
468 2813 520 2878 hie
548 2813 748 2897 signifieatur
781 2820 813 2878 et
845 2815 879 2879 in
900 2813 1035 2900 parvulo
1058 2814 1291 2902 additamento,

73 2921 111 2985 in
133 2938 197 3001 quo
219 2922 285 2982 tres
308 2922 431 2982 eeteros
453 2935 511 3001 per
532 2916 658 2980 litteras
680 2915 873 3001 astipulatos
895 2918 1070 3003 ascriptum
1093 2925 1151 2985 est.
1195 2920 1292 2986 Haud

74 3021 176 3086 dubie
199 3019 299 3085 frater
321 3025 399 3084 natu
421 3018 582 3084 maximus
605 3039 772 3085 commune
794 3019 1020 3105 patrimonium
1043 3020 1248 3089 administrat
1258 3025 1292 3102 ⁴).

71 3125 182 3190 Etiam
195 3122 404 3189 AntoniniPii
416 3123 623 3208 temporibus,
636 3142 708 3187 eum
716 3121 930 3209 Thinzmepos
945 3122 1077 3189 fundum
1084 3124 1289 3208 Elefantinae

72 3284 278 3292 ,----...-..

164 3364 185 3433 ¹)
220 3363 329 3433 Antiqn
350 3361 446 3417 forans
469 3363 525 3431 p9.
547 3362 592 3417 De
609 3363 829 3418 manumissione
843 3378 862 3417 a
876 3363 1043 3433 coniugibus
1062 3362 1141 3419 faeta
1159 3363 1203 3419 afr
1216 3364 1291 3420 infra

71 3471 92 3523 p
116 3452 153 3506 40
171 3466 232 3521 sqq.

162 3539 185 3606 ⁵¹)
222 3537 259 3592 01
278 3538 313 3606 11,
331 3536 427 3606 2693g
446 3560 474 3582 =
495 3537 535 3590 Le
553 3535 619 3604 Bas,
638 3534 707 3589 Asia
726 3538 782 3589 min
800 3535 903 3591 11416.

164 3625 188 3692 ¹)
223 3625 264 3679 Le
281 3625 339 3679 Bas
357 3623 459 3680 u415:
488 3622 532 3677 ofr
550 3636 637 3691 supra
654 3639 673 3691 p
694 3622 733 3676 12.

110 3716 258 3779 ἐνεβίβασεν
280 3715 310 3763 δέ
334 3706 430 3774 αὐτοὺς
453 3714 568 3764 έναντίον
587 3708 726 3777 μαρτύρων
746 3712 798 3764 τῶν
815 3707 921 3776 ὁμόρων
939 3711 1003 3775 (τῶν
1020 3711 1107 3775 δεῖνα)
1124 3714 1172 3761 καί
1190 3712 1222 3762 ἐκ
1239 3713 1291 3762 τῶν

109 3801 308 3866 ἀλλων,μερῶν
324 3798 506 3866 Δημητριόδος
523 3799 573 3865 τῆς
592 3811 598 3826 ·
616 3813 622 3825 ·
645 3801 754 3864 μητρίου
779 3798 844 3864 μέτό
863 3801 955 3863 κυρίου
967 3797 1015 3848 τοῦ
1027 3796 1145 3862 πατρός·
1159 3812 1166 3824 ·
1179 3812 1186 3826 ·
1198 3801 1290 3863 ητρίου

110 3887 157 3940 τοῦ
177 3885 286 3954 Ἑρμίου
309 3887 355 3938 τοῦ
375 3880 541 3951 Ἀντιπάτρου
564 3883 635 3938 ααταὶ
660 3887 691 3935 δὲ
713 3881 839 3937 όοθέοίαν
864 3887 957 3937 Αίνέου
975 3886 1027 3937 τῶν
1044 3882 1190 3949 ἐπιτρόπων
1209 3879 1289 3935 αὐτοῦ

109 3973 186 4036 ὄντος
209 3968 350 4040 ἀποδήμου
373 3975 466 4025 Αἰνέου
489 3970 536 4023 τοῦ
560 3973 706 4038 Δημητρίου
725 3975 818 4038 ἱερέως
831 3966 996 4034 ’Λπόλλωνος
1013 3972 1113 4022 Πυθίου
1131 3986 1170 4021 κα
1182 3985 1288 3999 ······

109 4063 156 4114 τοῦ
172 4057 282 4126 Ἑρμίου
300 4059 348 4110 τοῦ
363 4053 530 4123 Ἀντιπάτρου
548 4061 597 4109 καί
611 4052 722 4111 Ἀττίνου
741 4060 788 4110 τοῦ
804 4056 914 4124 Ἑρμίου
932 4056 978 4110 τοῦ
993 4052 1168 4121 Ἀντιπάτρου.

160 4145 187 4211 ⁴]
222 4144 349 4213 Boeekh,
360 4143 493 4199 Abhandl
504 4143 600 4198 Berlin
610 4143 696 4198 Akad
708 4143 836 4212 phil-hist
846 4144 965 4213 1820121.
989 4142 1122 4212 Schmidt,
1131 4141 1289 4198 Forsehun·

70 4250 129 4305 gen
156 4232 209 4288 auf
229 4232 248 4288 d
271 4228 391 4287 Gebiete
413 4231 432 4286 d
455 4231 550 4288 Altert
572 4232 594 4299 1,
617 4231 677 4286 292.
713 4233 860 4301 Leonam,
882 4231 989 4302 Papyri
1008 4229 1111 4286 Graeci
1128 4229 1189 4283 llus
1208 4230 1290 4300 Lugd

71 4323 130 4376 Bae
146 4318 169 4389 1,
187 4320 246 4373 414.
1123 4387 1140 4442 2
