<?xml version="1.0" encoding="UTF-8"?>
<!DOCTYPE html PUBLIC "-//W3C//DTD XHTML 1.0 Transitional//EN"
    "http://www.w3.org/TR/xhtml1/DTD/xhtml1-transitional.dtd">
<html xmlns="http://www.w3.org/1999/xhtml" xml:lang="en" lang="en">
 <head>
  <title>
</title>
<meta http-equiv="Content-Type" content="text/html;charset=utf-8" />
  <meta name='ocr-system' content='tesseract 3.04.00' />
  <meta name='ocr-capabilities' content='ocr_page ocr_carea ocr_par ocr_line ocrx_word'/>
</head>
<body>
  <div class='ocr_page' id='page_1' title='image "./henricilewydeci00lewygoog_0021.png"; bbox 0 0 3050 5025; ppageno 0'>
   <div class='ocr_carea' id='block_1_1' title="bbox 60 536 1273 831">
    <p class='ocr_par' dir='ltr' id='par_1_1' title="bbox 60 536 1273 831">
     <span class='ocr_line' id='line_1_1' title="bbox 60 536 1273 623; baseline -0.002 -18"><span class='ocrx_word' id='word_1_1' title='bbox 60 560 139 605; x_wconf 90' lang='lat' dir='ltr'><strong>vcro</strong></span> <span class='ocrx_word' id='word_1_2' title='bbox 161 540 272 605; x_wconf 86' lang='lat' dir='ltr'><strong>titulus</strong></span> <span class='ocrx_word' id='word_1_3' title='bbox 295 544 402 606; x_wconf 86' lang='lat' dir='ltr'><strong>exstat</strong></span> <span class='ocrx_word' id='word_1_4' title='bbox 422 538 587 605; x_wconf 87' lang='lat' dir='ltr'><strong>Petelinus</strong></span> <span class='ocrx_word' id='word_1_5' title='bbox 609 537 737 623; x_wconf 82' lang='lat' dir='ltr'>septimi</span> <span class='ocrx_word' id='word_1_6' title='bbox 758 538 812 603; x_wconf 93' lang='lat' dir='ltr'><strong>vel</strong></span> <span class='ocrx_word' id='word_1_7' title='bbox 834 537 917 603; x_wconf 91' lang='lat' dir='ltr'><strong>sexti</strong></span> <span class='ocrx_word' id='word_1_8' title='bbox 942 537 1064 603; x_wconf 89' lang='lat' dir='ltr'><strong>saeculi</strong></span> <span class='ocrx_word' id='word_1_9' title='bbox 1092 557 1132 603; x_wconf 91' lang='lat' dir='ltr'><strong>ex</strong></span> <span class='ocrx_word' id='word_1_10' title='bbox 1153 536 1273 619; x_wconf 84' lang='lat' dir='ltr'><strong>Magna</strong></span> 
     </span>
     <span class='ocr_line' id='line_1_2' title="bbox 63 640 950 728; baseline -0.007 -19"><span class='ocrx_word' id='word_1_11' title='bbox 63 642 206 709; x_wconf 75' lang='lat' dir='ltr'><strong>Graecia</strong></span> <span class='ocrx_word' id='word_1_12' title='bbox 228 648 419 728; x_wconf 86' lang='lat' dir='ltr'><strong>apportatus</strong></span> <span class='ocrx_word' id='word_1_13' title='bbox 432 641 470 722; x_wconf 82' lang='lat'><strong>¹):</strong></span> <span class='ocrx_word' id='word_1_14' title='bbox 493 641 521 707; x_wconf 91' lang='lat' dir='ltr'><strong>is</strong></span> <span class='ocrx_word' id='word_1_15' title='bbox 543 643 644 708; x_wconf 85' lang='lat' dir='ltr'><strong>verba</strong></span> <span class='ocrx_word' id='word_1_16' title='bbox 665 640 796 707; x_wconf 77' lang='lat' dir='ltr'><strong>exhibet</strong></span> <span class='ocrx_word' id='word_1_17' title='bbox 816 640 950 707; x_wconf 89' lang='lat' dir='ltr'><strong>haecce:</strong></span> 
     </span>
     <span class='ocr_line' id='line_1_3' title="bbox 102 741 826 831; baseline -0.003 -21"><span class='ocrx_word' id='word_1_18' title='bbox 102 743 224 824; x_wconf 83' lang='grc' dir='ltr'>Σαῶτις</span> <span class='ocrx_word' id='word_1_19' title='bbox 247 744 350 811; x_wconf 81' lang='grc' dir='ltr'>δίδωτι</span> <span class='ocrx_word' id='word_1_20' title='bbox 371 743 512 831; x_wconf 81' lang='grc' dir='ltr'>Σικαινίᾳ</span> <span class='ocrx_word' id='word_1_21' title='bbox 532 741 589 810; x_wconf 78' lang='grc' dir='ltr'><strong>τὰν</strong></span> <span class='ocrx_word' id='word_1_22' title='bbox 609 743 737 810; x_wconf 68' lang='grc' dir='ltr'>Ἐοικίαν</span> <span class='ocrx_word' id='word_1_23' title='bbox 758 743 826 809; x_wconf 87' lang='grc' dir='ltr'>κτλ.</span> 
     </span>
    </p>
   </div>
   <div class='ocr_carea' id='block_1_2' title="bbox 222 982 1113 1229">
    <p class='ocr_par' dir='ltr' id='par_1_2' title="bbox 222 982 1113 1229">
     <span class='ocr_line' id='line_1_4' title="bbox 335 982 1002 1087; baseline -0.003 -18"><span class='ocrx_word' id='word_1_24' title='bbox 335 986 395 1069; x_wconf 91' lang='grc' dir='ltr'><strong>Π.</strong></span> <span class='ocrx_word' id='word_1_25' title='bbox 447 988 512 1069; x_wconf 81' lang='lat' dir='ltr'><strong>lle</strong></span> <span class='ocrx_word' id='word_1_26' title='bbox 537 985 638 1071; x_wconf 88' lang='lat' dir='ltr'><strong>iure</strong></span> <span class='ocrx_word' id='word_1_27' title='bbox 665 982 1002 1087; x_wconf 76' lang='lat' dir='ltr'><strong>obligationum.</strong></span> 
     </span>
     <span class='ocr_line' id='line_1_5' title="bbox 222 1139 1113 1229; baseline -0.001 -19"><span class='ocrx_word' id='word_1_28' title='bbox 222 1141 257 1210; x_wconf 83' lang='grc' dir='ltr'><strong>Α.</strong></span> <span class='ocrx_word' id='word_1_29' title='bbox 281 1142 324 1211; x_wconf 87' lang='lat' dir='ltr'><strong>lie</strong></span> <span class='ocrx_word' id='word_1_30' title='bbox 346 1142 594 1229; x_wconf 62' lang='lat' dir='ltr'><strong>obligationibus</strong></span> <span class='ocrx_word' id='word_1_31' title='bbox 617 1141 729 1229; x_wconf 81' lang='lat' dir='ltr'><strong>quales</strong></span> <span class='ocrx_word' id='word_1_32' title='bbox 751 1141 836 1209; x_wconf 87' lang='lat' dir='ltr'><strong>inter</strong></span> <span class='ocrx_word' id='word_1_33' title='bbox 858 1140 1003 1210; x_wconf 87' lang='lat' dir='ltr'><strong>bomines</strong></span> <span class='ocrx_word' id='word_1_34' title='bbox 1024 1139 1113 1210; x_wconf 81' lang='lat' dir='ltr'><strong>tunt.</strong></span> 
     </span>
    </p>
   </div>
   <div class='ocr_carea' id='block_1_3' title="bbox 59 1294 1275 1587">
    <p class='ocr_par' dir='ltr' id='par_1_3' title="bbox 59 1294 1275 1587">
     <span class='ocr_line' id='line_1_6' title="bbox 146 1294 1275 1382; baseline 0.004 -23"><span class='ocrx_word' id='word_1_35' title='bbox 146 1294 262 1361; x_wconf 79' lang='lat' dir='ltr'><strong>Mulier</strong></span> <span class='ocrx_word' id='word_1_36' title='bbox 282 1315 355 1362; x_wconf 87' lang='lat' dir='ltr'><strong>sese</strong></span> <span class='ocrx_word' id='word_1_37' title='bbox 377 1296 449 1382; x_wconf 85' lang='lat' dir='ltr'><strong>ipsa</strong></span> <span class='ocrx_word' id='word_1_38' title='bbox 471 1296 617 1381; x_wconf 87' lang='lat' dir='ltr'><strong>obligare</strong></span> <span class='ocrx_word' id='word_1_39' title='bbox 638 1297 766 1381; x_wconf 89' lang='lat' dir='ltr'><strong>legibus</strong></span> <span class='ocrx_word' id='word_1_40' title='bbox 788 1296 930 1362; x_wconf 90' lang='lat' dir='ltr'><strong>omnium</strong></span> <span class='ocrx_word' id='word_1_41' title='bbox 951 1296 1148 1363; x_wconf 81' lang='lat' dir='ltr'><strong>Graecarum</strong></span> <span class='ocrx_word' id='word_1_42' title='bbox 1165 1297 1275 1363; x_wconf 88' lang='lat' dir='ltr'><strong>civita-</strong></span> 
     </span>
     <span class='ocr_line' id='line_1_7' title="bbox 59 1397 1272 1486; baseline 0.002 -23"><span class='ocrx_word' id='word_1_43' title='bbox 59 1405 129 1463; x_wconf 90' lang='lat' dir='ltr'><strong>tum</strong></span> <span class='ocrx_word' id='word_1_44' title='bbox 151 1402 288 1483; x_wconf 84' lang='lat' dir='ltr'><strong>vetetur,</strong></span> <span class='ocrx_word' id='word_1_45' title='bbox 310 1399 373 1465; x_wconf 82' lang='lat' dir='ltr'><strong>nisi</strong></span> <span class='ocrx_word' id='word_1_46' title='bbox 394 1397 480 1482; x_wconf 92' lang='lat' dir='ltr'><strong>quod</strong></span> <span class='ocrx_word' id='word_1_47' title='bbox 503 1399 591 1486; x_wconf 89' lang='lat' dir='ltr'><strong>apud</strong></span> <span class='ocrx_word' id='word_1_48' title='bbox 613 1400 826 1466; x_wconf 80' lang='lat' dir='ltr'><strong>Athenienses</strong></span> <span class='ocrx_word' id='word_1_49' title='bbox 840 1418 942 1482; x_wconf 90' lang='lat' dir='ltr'><strong>usque</strong></span> <span class='ocrx_word' id='word_1_50' title='bbox 963 1397 1008 1465; x_wconf 89' lang='lat' dir='ltr'><strong>ad</strong></span> <span class='ocrx_word' id='word_1_51' title='bbox 1022 1398 1121 1465; x_wconf 89' lang='lat' dir='ltr'><strong>modii</strong></span> <span class='ocrx_word' id='word_1_52' title='bbox 1135 1400 1272 1485; x_wconf 88' lang='lat' dir='ltr'><strong>pretium</strong></span> 
     </span>
     <span class='ocr_line' id='line_1_8' title="bbox 61 1501 1038 1587; baseline 0.004 -20"><span class='ocrx_word' id='word_1_53' title='bbox 61 1506 259 1587; x_wconf 88' lang='lat' dir='ltr'><strong>potestatem</strong></span> <span class='ocrx_word' id='word_1_54' title='bbox 280 1501 394 1587; x_wconf 79' lang='lat' dir='ltr'><strong>habet3</strong></span> <span class='ocrx_word' id='word_1_55' title='bbox 418 1501 548 1569; x_wconf 82' lang='lat' dir='ltr'><strong>aliunde</strong></span> <span class='ocrx_word' id='word_1_56' title='bbox 569 1501 649 1568; x_wconf 89' lang='lat' dir='ltr'><strong>nihil</strong></span> <span class='ocrx_word' id='word_1_57' title='bbox 671 1502 776 1569; x_wconf 90' lang='lat' dir='ltr'><strong>simile</strong></span> <span class='ocrx_word' id='word_1_58' title='bbox 797 1501 951 1568; x_wconf 84' lang='lat' dir='ltr'><strong>traditum</strong></span> <span class='ocrx_word' id='word_1_59' title='bbox 973 1508 1038 1572; x_wconf 78' lang='lat' dir='ltr'><strong>estt</strong></span> 
     </span>
    </p>
   </div>
   <div class='ocr_carea' id='block_1_4' title="bbox 102 1620 1274 1806">
    <p class='ocr_par' dir='ltr' id='par_1_4' title="bbox 102 1620 1274 1806">
     <span class='ocr_line' id='line_1_9' title="bbox 102 1620 1274 1709; baseline 0.005 -24"><span class='ocrx_word' id='word_1_60' title='bbox 102 1621 191 1685; x_wconf 86' lang='grc' dir='ltr'>παιδὶ</span> <span class='ocrx_word' id='word_1_61' title='bbox 214 1620 257 1706; x_wconf 73' lang='grc' dir='ltr'><strong>μὴ</strong></span> <span class='ocrx_word' id='word_1_62' title='bbox 280 1620 390 1700; x_wconf 79' lang='grc' dir='ltr'>ἐξεῖναι</span> <span class='ocrx_word' id='word_1_63' title='bbox 411 1621 598 1709; x_wconf 73' lang='grc' dir='ltr'>συμβάλλειν</span> <span class='ocrx_word' id='word_1_64' title='bbox 620 1623 701 1709; x_wconf 76' lang='grc' dir='ltr'>μηδὲ</span> <span class='ocrx_word' id='word_1_65' title='bbox 722 1624 843 1708; x_wconf 85' lang='grc' dir='ltr'>γυναικὶ</span> <span class='ocrx_word' id='word_1_66' title='bbox 872 1621 954 1708; x_wconf 78' lang='grc' dir='ltr'>πέρα</span> <span class='ocrx_word' id='word_1_67' title='bbox 982 1622 1128 1709; x_wconf 78' lang='grc' dir='ltr'>μεδίμνου</span> <span class='ocrx_word' id='word_1_68' title='bbox 1155 1624 1274 1709; x_wconf 69' lang='grc' dir='ltr'>κριθῶν</span> 
     </span>
     <span class='ocr_line' id='line_1_10' title="bbox 104 1724 506 1806; baseline 0.01 -19"><span class='ocrx_word' id='word_1_69' title='bbox 104 1725 192 1801; x_wconf 88' lang='lat' dir='ltr'><strong>(leae</strong></span> <span class='ocrx_word' id='word_1_70' title='bbox 212 1724 379 1791; x_wconf 85' lang='lat' dir='ltr'><strong>Aristarch</strong></span> <span class='ocrx_word' id='word_1_71' title='bbox 400 1728 420 1806; x_wconf 68' lang='grc' dir='ltr'>ξ</span> <span class='ocrx_word' id='word_1_72' title='bbox 445 1726 506 1804; x_wconf 86' lang='lat'><strong>10).</strong></span> 
     </span>
    </p>
   </div>
   <div class='ocr_carea' id='block_1_5' title="bbox 61 1841 1275 2239">
    <p class='ocr_par' dir='ltr' id='par_1_5' title="bbox 61 1841 1275 2239">
     <span class='ocr_line' id='line_1_11' title="bbox 61 1841 1271 1931; baseline 0.001 -22"><span class='ocrx_word' id='word_1_73' title='bbox 61 1841 127 1909; x_wconf 87' lang='lat' dir='ltr'><strong>Sed</strong></span> <span class='ocrx_word' id='word_1_74' title='bbox 167 1861 268 1925; x_wconf 90' lang='lat' dir='ltr'><strong>usque</strong></span> <span class='ocrx_word' id='word_1_75' title='bbox 305 1843 349 1910; x_wconf 93' lang='lat' dir='ltr'><strong>ad</strong></span> <span class='ocrx_word' id='word_1_76' title='bbox 388 1844 488 1910; x_wconf 90' lang='lat' dir='ltr'><strong>modii</strong></span> <span class='ocrx_word' id='word_1_77' title='bbox 524 1844 662 1931; x_wconf 91' lang='lat' dir='ltr'><strong>pretium</strong></span> <span class='ocrx_word' id='word_1_78' title='bbox 701 1845 779 1911; x_wconf 82' lang='lat' dir='ltr'><strong>cur‘?</strong></span> <span class='ocrx_word' id='word_1_79' title='bbox 833 1845 940 1912; x_wconf 78' lang='lat' dir='ltr'><strong>Causa</strong></span> <span class='ocrx_word' id='word_1_80' title='bbox 977 1844 1099 1930; x_wconf 84' lang='lat' dir='ltr'><strong>duplex</strong></span> <span class='ocrx_word' id='word_1_81' title='bbox 1130 1845 1271 1912; x_wconf 89' lang='lat' dir='ltr'><strong>videtur:</strong></span> 
     </span>
     <span class='ocr_line' id='line_1_12' title="bbox 62 1944 1274 2033; baseline 0.004 -22"><span class='ocrx_word' id='word_1_82' title='bbox 62 1951 95 2011; x_wconf 90' lang='lat' dir='ltr'><strong>et</strong></span> <span class='ocrx_word' id='word_1_83' title='bbox 117 1944 205 2028; x_wconf 90' lang='lat' dir='ltr'><strong>quod</strong></span> <span class='ocrx_word' id='word_1_84' title='bbox 226 1945 261 2011; x_wconf 92' lang='lat' dir='ltr'><strong>iu</strong></span> <span class='ocrx_word' id='word_1_85' title='bbox 281 1946 378 2014; x_wconf 85' lang='lat' dir='ltr'><strong>rebus</strong></span> <span class='ocrx_word' id='word_1_86' title='bbox 400 1952 467 2015; x_wconf 85' lang='lat' dir='ltr'><strong>tam</strong></span> <span class='ocrx_word' id='word_1_87' title='bbox 490 1948 614 2031; x_wconf 84' lang='lat' dir='ltr'><strong>exiguis</strong></span> <span class='ocrx_word' id='word_1_88' title='bbox 636 1947 814 2033; x_wconf 89' lang='lat' dir='ltr'><strong>periculum</strong></span> <span class='ocrx_word' id='word_1_89' title='bbox 835 1968 899 2013; x_wconf 90' lang='lat' dir='ltr'><strong>uon</strong></span> <span class='ocrx_word' id='word_1_90' title='bbox 922 1953 972 2015; x_wconf 91' lang='lat' dir='ltr'><strong>est</strong></span> <span class='ocrx_word' id='word_1_91' title='bbox 992 1968 1034 2013; x_wconf 92' lang='lat' dir='ltr'><strong>ne</strong></span> <span class='ocrx_word' id='word_1_92' title='bbox 1049 1948 1274 2016; x_wconf 86' lang='lat' dir='ltr'><strong>detrimentum</strong></span> 
     </span>
     <span class='ocr_line' id='line_1_13' title="bbox 62 2047 1275 2135; baseline 0.005 -23"><span class='ocrx_word' id='word_1_93' title='bbox 62 2047 180 2113; x_wconf 86' lang='lat' dir='ltr'><strong>fraude</strong></span> <span class='ocrx_word' id='word_1_94' title='bbox 202 2049 318 2115; x_wconf 90' lang='lat' dir='ltr'><strong>mulier</strong></span> <span class='ocrx_word' id='word_1_95' title='bbox 339 2049 458 2135; x_wconf 88' lang='lat' dir='ltr'><strong>capiat,</strong></span> <span class='ocrx_word' id='word_1_96' title='bbox 481 2056 514 2117; x_wconf 92' lang='lat' dir='ltr'><strong>et</strong></span> <span class='ocrx_word' id='word_1_97' title='bbox 534 2050 620 2134; x_wconf 90' lang='lat' dir='ltr'><strong>quod</strong></span> <span class='ocrx_word' id='word_1_98' title='bbox 642 2051 675 2115; x_wconf 91' lang='lat' dir='ltr'><strong>iu</strong></span> <span class='ocrx_word' id='word_1_99' title='bbox 696 2050 848 2117; x_wconf 82' lang='lat' dir='ltr'><strong>rebusad</strong></span> <span class='ocrx_word' id='word_1_100' title='bbox 865 2070 1064 2117; x_wconf 89' lang='lat' dir='ltr'><strong>communem</strong></span> <span class='ocrx_word' id='word_1_101' title='bbox 1078 2052 1166 2119; x_wconf 83' lang='lat' dir='ltr'><strong>vitae</strong></span> <span class='ocrx_word' id='word_1_102' title='bbox 1182 2073 1275 2119; x_wconf 90' lang='lat' dir='ltr'><strong>usum</strong></span> 
     </span>
     <span class='ocr_line' id='line_1_14' title="bbox 63 2150 1073 2239; baseline 0.006 -24"><span class='ocrx_word' id='word_1_103' title='bbox 63 2150 300 2234; x_wconf 89' lang='lat' dir='ltr'><strong>pertinentibus</strong></span> <span class='ocrx_word' id='word_1_104' title='bbox 321 2172 423 2236; x_wconf 88' lang='lat' dir='ltr'><strong>genus</strong></span> <span class='ocrx_word' id='word_1_105' title='bbox 444 2152 630 2219; x_wconf 81' lang='lat' dir='ltr'><strong>femininum</strong></span> <span class='ocrx_word' id='word_1_106' title='bbox 651 2154 746 2220; x_wconf 90' lang='lat' dir='ltr'><strong>nimis</strong></span> <span class='ocrx_word' id='word_1_107' title='bbox 768 2152 926 2239; x_wconf 91' lang='lat' dir='ltr'><strong>impedire</strong></span> <span class='ocrx_word' id='word_1_108' title='bbox 950 2155 1073 2221; x_wconf 91' lang='lat' dir='ltr'><strong>nolunt.</strong></span> 
     </span>
    </p>
   </div>
   <div class='ocr_carea' id='block_1_6' title="bbox 296 2340 1051 2443">
    <p class='ocr_par' dir='ltr' id='par_1_6' title="bbox 296 2340 1051 2443">
     <span class='ocr_line' id='line_1_15' title="bbox 296 2340 1051 2443; baseline 0.003 -28"><span class='ocrx_word' id='word_1_109' title='bbox 296 2347 328 2415; x_wconf 92' lang='lat'><strong>1.</strong></span> <span class='ocrx_word' id='word_1_110' title='bbox 382 2342 446 2417; x_wconf 90' lang='lat' dir='ltr'><strong>De</strong></span> <span class='ocrx_word' id='word_1_111' title='bbox 474 2340 670 2419; x_wconf 89' lang='lat' dir='ltr'><strong>emendo</strong></span> <span class='ocrx_word' id='word_1_112' title='bbox 695 2340 1051 2443; x_wconf 83' lang='lat' dir='ltr'><strong>vendendoque.</strong></span> 
     </span>
    </p>
   </div>
   <div class='ocr_carea' id='block_1_7' title="bbox 63 2495 1278 3132">
    <p class='ocr_par' dir='ltr' id='par_1_7' title="bbox 63 2495 1278 2791">
     <span class='ocr_line' id='line_1_16' title="bbox 150 2495 1276 2585; baseline 0.004 -24"><span class='ocrx_word' id='word_1_113' title='bbox 150 2495 364 2565; x_wconf 87' lang='lat' dir='ltr'><strong>Athenienses</strong></span> <span class='ocrx_word' id='word_1_114' title='bbox 386 2497 471 2564; x_wconf 92' lang='lat' dir='ltr'><strong>tituli</strong></span> <span class='ocrx_word' id='word_1_115' title='bbox 499 2496 628 2564; x_wconf 89' lang='lat' dir='ltr'><strong>desunt:</strong></span> <span class='ocrx_word' id='word_1_116' title='bbox 661 2498 720 2564; x_wconf 90' lang='lat' dir='ltr'><strong>lex·</strong></span> <span class='ocrx_word' id='word_1_117' title='bbox 747 2498 807 2565; x_wconf 88' lang='lat' dir='ltr'><strong>ilia</strong></span> <span class='ocrx_word' id='word_1_118' title='bbox 838 2498 1012 2566; x_wconf 83' lang='lat' dir='ltr'><strong>memoriae</strong></span> <span class='ocrx_word' id='word_1_119' title='bbox 1039 2497 1195 2585; x_wconf 88' lang='lat' dir='ltr'><strong>proditur.</strong></span> <span class='ocrx_word' id='word_1_120' title='bbox 1238 2500 1276 2566; x_wconf 91' lang='lat' dir='ltr'><strong>In</strong></span> 
     </span>
     <span class='ocr_line' id='line_1_17' title="bbox 63 2599 1278 2688; baseline 0.003 -22"><span class='ocrx_word' id='word_1_121' title='bbox 63 2599 185 2666; x_wconf 84' lang='lat' dir='ltr'><strong>tabulis</strong></span> <span class='ocrx_word' id='word_1_122' title='bbox 206 2601 316 2667; x_wconf 84' lang='lat' dir='ltr'><strong>Teuiis</strong></span> <span class='ocrx_word' id='word_1_123' title='bbox 338 2607 424 2668; x_wconf 90' lang='lat' dir='ltr'><strong>tutor</strong></span> <span class='ocrx_word' id='word_1_124' title='bbox 445 2621 573 2688; x_wconf 88' lang='lat' dir='ltr'><strong>semper</strong></span> <span class='ocrx_word' id='word_1_125' title='bbox 594 2609 626 2668; x_wconf 92' lang='lat' dir='ltr'><strong>et</strong></span> <span class='ocrx_word' id='word_1_126' title='bbox 647 2602 680 2667; x_wconf 89' lang='lat' dir='ltr'><strong>iu</strong></span> <span class='ocrx_word' id='word_1_127' title='bbox 702 2601 847 2687; x_wconf 90' lang='lat' dir='ltr'><strong>emendis</strong></span> <span class='ocrx_word' id='word_1_128' title='bbox 869 2610 901 2668; x_wconf 88' lang='lat' dir='ltr'><strong>et</strong></span> <span class='ocrx_word' id='word_1_129' title='bbox 922 2603 955 2668; x_wconf 86' lang='lat' dir='ltr'><strong>in</strong></span> <span class='ocrx_word' id='word_1_130' title='bbox 978 2600 1154 2669; x_wconf 87' lang='lat' dir='ltr'><strong>vendendis</strong></span> <span class='ocrx_word' id='word_1_131' title='bbox 1170 2602 1278 2670; x_wconf 87' lang='lat' dir='ltr'><strong>fundis</strong></span> 
     </span>
     <span class='ocr_line' id='line_1_18' title="bbox 63 2691 744 2791; baseline 0.003 -24"><span class='ocrx_word' id='word_1_132' title='bbox 63 2703 290 2768; x_wconf 84' lang='lat' dir='ltr'><strong>auctoritatem</strong></span> <span class='ocrx_word' id='word_1_133' title='bbox 310 2697 494 2791; x_wconf 72' lang='lat' dir='ltr'><strong>interponit,</strong></span> <span class='ocrx_word' id='word_1_134' title='bbox 515 2695 603 2771; x_wconf 89' lang='lat' dir='ltr'><strong>velut</strong></span> <span class='ocrx_word' id='word_1_135' title='bbox 623 2693 645 2770; x_wconf 87' lang='lat' dir='ltr'><strong>v</strong></span> <span class='ocrx_word' id='word_1_136' title='bbox 668 2691 744 2769; x_wconf 51' lang='lat' dir='ltr'><strong>liz&#39;</strong></span> 
     </span>
    </p>

    <p class='ocr_par' dir='ltr' id='par_1_8' title="bbox 64 2819 1278 3132">
     <span class='ocr_line' id='line_1_19' title="bbox 109 2819 1273 2912; baseline 0.004 -26"><span class='ocrx_word' id='word_1_137' title='bbox 109 2819 131 2885; x_wconf 82' lang='grc' dir='ltr'><strong><em>ἃ</em></strong></span> <span class='ocrx_word' id='word_1_138' title='bbox 153 2821 279 2907; x_wconf 82' lang='grc' dir='ltr'>ἐπρίατο</span> <span class='ocrx_word' id='word_1_139' title='bbox 307 2821 447 2910; x_wconf 77' lang='grc' dir='ltr'>Ἀμφικιδ</span> <span class='ocrx_word' id='word_1_140' title='bbox 480 2821 559 2911; x_wconf 82' lang='grc' dir='ltr'>μετὰ</span> <span class='ocrx_word' id='word_1_141' title='bbox 591 2823 699 2909; x_wconf 80' lang='grc' dir='ltr'>κυρίου</span> <span class='ocrx_word' id='word_1_142' title='bbox 720 2823 746 2887; x_wconf 92' lang='grc' dir='ltr'>Δ</span> <span class='ocrx_word' id='word_1_143' title='bbox 764 2843 772 2858; x_wconf 92' lang='grc'><em>·</em></span> <span class='ocrx_word' id='word_1_144' title='bbox 789 2843 797 2859; x_wconf 86' lang='grc'><em>·</em></span> <span class='ocrx_word' id='word_1_145' title='bbox 814 2843 847 2861; x_wconf 84' lang='grc'><strong>··</strong></span> <span class='ocrx_word' id='word_1_146' title='bbox 871 2823 975 2911; x_wconf 80' lang='grc' dir='ltr'>μάχου</span> <span class='ocrx_word' id='word_1_147' title='bbox 1002 2827 1077 2910; x_wconf 90' lang='grc' dir='ltr'>παρ’</span> <span class='ocrx_word' id='word_1_148' title='bbox 1107 2823 1273 2912; x_wconf 82' lang='grc' dir='ltr'>Ἀξιονίκης</span> 
     </span>
     <span class='ocr_line' id='line_1_20' title="bbox 109 2924 550 3011; baseline 0.002 -21"><span class='ocrx_word' id='word_1_149' title='bbox 109 2926 166 2990; x_wconf 83' lang='grc' dir='ltr'><strong>καί</strong></span> <span class='ocrx_word' id='word_1_150' title='bbox 187 2925 294 3010; x_wconf 80' lang='grc' dir='ltr'>κυρίου</span> <span class='ocrx_word' id='word_1_151' title='bbox 312 2924 550 3011; x_wconf 65' lang='grc' dir='ltr'>Πασικράτους.</span> 
     </span>
     <span class='ocr_line' id='line_1_21' title="bbox 64 3043 1278 3132; baseline 0.001 -21"><span class='ocrx_word' id='word_1_152' title='bbox 64 3043 193 3122; x_wconf 79' lang='lat' dir='ltr'><strong>Quodsi</strong></span> <span class='ocrx_word' id='word_1_153' title='bbox 226 3051 258 3111; x_wconf 92' lang='lat' dir='ltr'><strong>et</strong></span> <span class='ocrx_word' id='word_1_154' title='bbox 289 3046 323 3112; x_wconf 92' lang='lat' dir='ltr'><strong>in</strong></span> <span class='ocrx_word' id='word_1_155' title='bbox 354 3067 376 3112; x_wconf 95' lang='lat' dir='ltr'><strong>v</strong></span> <span class='ocrx_word' id='word_1_156' title='bbox 407 3047 447 3112; x_wconf 87' lang='grc'><strong>61</strong></span> <span class='ocrx_word' id='word_1_157' title='bbox 480 3045 650 3132; x_wconf 87' lang='lat' dir='ltr'><strong>Amphylis</strong></span> <span class='ocrx_word' id='word_1_158' title='bbox 683 3047 754 3112; x_wconf 88' lang='lat' dir='ltr'><strong>sola</strong></span> <span class='ocrx_word' id='word_1_159' title='bbox 787 3047 926 3132; x_wconf 83' lang='lat' dir='ltr'><strong>emptrix</strong></span> <span class='ocrx_word' id='word_1_160' title='bbox 953 3053 1148 3114; x_wconf 91' lang='lat' dir='ltr'><strong>memoratur</strong></span> <span class='ocrx_word' id='word_1_161' title='bbox 1180 3053 1213 3112; x_wconf 91' lang='lat' dir='ltr'><strong>et</strong></span> <span class='ocrx_word' id='word_1_162' title='bbox 1245 3048 1278 3112; x_wconf 90' lang='lat' dir='ltr'><strong>in</strong></span> 
     </span>
    </p>
   </div>
   <div class='ocr_carea' id='block_1_8' title="bbox 62 3147 1278 3338">
    <p class='ocr_par' dir='ltr' id='par_1_9' title="bbox 62 3147 1278 3338">
     <span class='ocr_line' id='line_1_22' title="bbox 62 3147 1278 3234; baseline 0.002 -19"><span class='ocrx_word' id='word_1_163' title='bbox 62 3171 86 3215; x_wconf 94' lang='lat' dir='ltr'><strong>v</strong></span> <span class='ocrx_word' id='word_1_164' title='bbox 115 3148 155 3212; x_wconf 82' lang='lat'><strong>71</strong></span> <span class='ocrx_word' id='word_1_165' title='bbox 187 3147 347 3217; x_wconf 88' lang='lat' dir='ltr'><strong>venditrix</strong></span> <span class='ocrx_word' id='word_1_166' title='bbox 369 3149 441 3220; x_wconf 83' lang='lat' dir='ltr'><strong>sole</strong></span> <span class='ocrx_word' id='word_1_167' title='bbox 462 3149 647 3216; x_wconf 84' lang='lat' dir='ltr'><strong>Timothea:</strong></span> <span class='ocrx_word' id='word_1_168' title='bbox 675 3148 736 3215; x_wconf 92' lang='lat' dir='ltr'><strong>hoe</strong></span> <span class='ocrx_word' id='word_1_169' title='bbox 764 3150 836 3217; x_wconf 92' lang='lat' dir='ltr'><strong>loco</strong></span> <span class='ocrx_word' id='word_1_170' title='bbox 859 3170 931 3215; x_wconf 90' lang='lat' dir='ltr'><strong>cum</strong></span> <span class='ocrx_word' id='word_1_171' title='bbox 953 3148 994 3216; x_wconf 91' lang='lat' dir='ltr'><strong>de</strong></span> <span class='ocrx_word' id='word_1_172' title='bbox 1020 3148 1158 3234; x_wconf 88' lang='lat' dir='ltr'><strong>negotiis</strong></span> <span class='ocrx_word' id='word_1_173' title='bbox 1180 3155 1278 3218; x_wconf 85' lang='lat' dir='ltr'><strong>antea</strong></span> 
     </span>
     <span class='ocr_line' id='line_1_23' title="bbox 64 3250 1056 3338; baseline 0 -20"><span class='ocrx_word' id='word_1_174' title='bbox 64 3250 223 3318; x_wconf 84' lang='lat' dir='ltr'><strong>confectis</strong></span> <span class='ocrx_word' id='word_1_175' title='bbox 245 3252 379 3319; x_wconf 89' lang='lat' dir='ltr'><strong>strictim</strong></span> <span class='ocrx_word' id='word_1_176' title='bbox 402 3257 527 3337; x_wconf 82' lang='lat' dir='ltr'><strong>agatur,</strong></span> <span class='ocrx_word' id='word_1_177' title='bbox 550 3252 756 3320; x_wconf 85' lang='lat' dir='ltr'><strong>accuratione</strong></span> <span class='ocrx_word' id='word_1_178' title='bbox 777 3272 842 3318; x_wconf 91' lang='lat' dir='ltr'><strong>non</strong></span> <span class='ocrx_word' id='word_1_179' title='bbox 863 3272 946 3338; x_wconf 93' lang='lat' dir='ltr'><strong>opus</strong></span> <span class='ocrx_word' id='word_1_180' title='bbox 967 3251 1056 3336; x_wconf 70' lang='grc' dir='ltr'>ευτ’).</span> 
     </span>
    </p>
   </div>
   <div class='ocr_carea' id='block_1_9' title="bbox 63 3491 1281 4429">
    <p class='ocr_par' dir='ltr' id='par_1_10' title="bbox 63 3491 1281 4429">
     <span class='ocr_line' id='line_1_24' title="bbox 64 3491 1279 3564; baseline 0.002 -19"><span class='ocrx_word' id='word_1_181' title='bbox 64 3505 199 3564; x_wconf 88' lang='lat' dir='ltr'><strong>propres.</strong></span> <span class='ocrx_word' id='word_1_182' title='bbox 243 3492 267 3546; x_wconf 94' lang='lat' dir='ltr'><strong>Il</strong></span> <span class='ocrx_word' id='word_1_183' title='bbox 294 3496 338 3548; x_wconf 92' lang='lat' dir='ltr'><strong>est</strong></span> <span class='ocrx_word' id='word_1_184' title='bbox 364 3491 504 3562; x_wconf 84' lang='lat' dir='ltr'><strong>probabis</strong></span> <span class='ocrx_word' id='word_1_185' title='bbox 531 3507 585 3562; x_wconf 89' lang='lat' dir='ltr'><strong>que</strong></span> <span class='ocrx_word' id='word_1_186' title='bbox 614 3506 662 3547; x_wconf 87' lang='lat' dir='ltr'><strong>ces</strong></span> <span class='ocrx_word' id='word_1_187' title='bbox 689 3491 818 3548; x_wconf 87' lang='lat' dir='ltr'><strong>derniers</strong></span> <span class='ocrx_word' id='word_1_188' title='bbox 846 3492 952 3547; x_wconf 81' lang='lat' dir='ltr'><strong>etaient</strong></span> <span class='ocrx_word' id='word_1_189' title='bbox 978 3491 1142 3547; x_wconf 80' lang='lat' dir='ltr'><strong>consideres</strong></span> <span class='ocrx_word' id='word_1_190' title='bbox 1171 3507 1279 3548; x_wconf 89' lang='lat' dir='ltr'><strong>comme</strong></span> 
     </span>
     <span class='ocr_line' id='line_1_25' title="bbox 64 3578 1279 3650; baseline 0.001 -16"><span class='ocrx_word' id='word_1_191' title='bbox 64 3579 293 3648; x_wconf 69' lang='lat' dir='ltr'><strong>appartenenti</strong></span> <span class='ocrx_word' id='word_1_192' title='bbox 311 3579 340 3633; x_wconf 87' lang='lat' dir='ltr'><strong>la</strong></span> <span class='ocrx_word' id='word_1_193' title='bbox 358 3578 461 3635; x_wconf 84' lang='lat' dir='ltr'><strong>familie</strong></span> <span class='ocrx_word' id='word_1_194' title='bbox 481 3579 595 3650; x_wconf 81' lang='lat' dir='ltr'><strong>entiere,</strong></span> <span class='ocrx_word' id='word_1_195' title='bbox 620 3583 701 3634; x_wconf 88' lang='lat' dir='ltr'><strong>etue</strong></span> <span class='ocrx_word' id='word_1_196' title='bbox 719 3578 876 3648; x_wconf 87' lang='lat' dir='ltr'><strong>pouvaient</strong></span> <span class='ocrx_word' id='word_1_197' title='bbox 894 3579 1021 3635; x_wconf 77' lang='lat' dir='ltr'><strong>desiere</strong></span> <span class='ocrx_word' id='word_1_198' title='bbox 1039 3579 1099 3634; x_wconf 78' lang='lat' dir='ltr'><strong>etre</strong></span> <span class='ocrx_word' id='word_1_199' title='bbox 1118 3579 1223 3635; x_wconf 82' lang='lat' dir='ltr'><strong>alienes</strong></span> <span class='ocrx_word' id='word_1_200' title='bbox 1242 3596 1279 3635; x_wconf 93' lang='lat' dir='ltr'><strong>ou</strong></span> 
     </span>
     <span class='ocr_line' id='line_1_26' title="bbox 64 3663 1152 3736; baseline 0 -16"><span class='ocrx_word' id='word_1_201' title='bbox 64 3663 274 3735; x_wconf 81' lang='lat' dir='ltr'><strong>hypotheques,</strong></span> <span class='ocrx_word' id='word_1_202' title='bbox 294 3682 332 3721; x_wconf 92' lang='lat' dir='ltr'><strong>cu</strong></span> <span class='ocrx_word' id='word_1_203' title='bbox 349 3680 385 3721; x_wconf 90' lang='lat' dir='ltr'><strong>ne</strong></span> <span class='ocrx_word' id='word_1_204' title='bbox 401 3666 557 3735; x_wconf 84' lang='lat' dir='ltr'><strong>pouvaient</strong></span> <span class='ocrx_word' id='word_1_205' title='bbox 574 3665 654 3721; x_wconf 77' lang='lat' dir='ltr'><strong>l&#39;etre</strong></span> <span class='ocrx_word' id='word_1_206' title='bbox 666 3665 793 3736; x_wconf 87' lang='lat' dir='ltr'><strong>&#39;qu&#39;avec</strong></span> <span class='ocrx_word' id='word_1_207' title='bbox 811 3667 951 3721; x_wconf 85' lang='lat' dir='ltr'><strong>certaines</strong></span> <span class='ocrx_word' id='word_1_208' title='bbox 970 3665 1152 3722; x_wconf 83' lang='lat' dir='ltr'><strong>formalites.¹‘</strong></span> 
     </span>
     <span class='ocr_line' id='line_1_27' title="bbox 156 3749 891 3822; baseline 0.004 -17"><span class='ocrx_word' id='word_1_209' title='bbox 156 3751 177 3820; x_wconf 90' lang='grc'><strong>1)</strong></span> <span class='ocrx_word' id='word_1_210' title='bbox 213 3749 249 3806; x_wconf 81' lang='lat'><strong>01</strong></span> <span class='ocrx_word' id='word_1_211' title='bbox 266 3751 292 3820; x_wconf 88' lang='lat' dir='ltr'><strong>I,</strong></span> <span class='ocrx_word' id='word_1_212' title='bbox 310 3753 328 3805; x_wconf 83' lang='lat'>4</span> <span class='ocrx_word' id='word_1_213' title='bbox 346 3775 379 3798; x_wconf 81' lang='lat'><em>=</em></span> <span class='ocrx_word' id='word_1_214' title='bbox 396 3751 495 3821; x_wconf 87' lang='lat' dir='ltr'><strong>Ro&#39;ehl‚</strong></span> <span class='ocrx_word' id='word_1_215' title='bbox 513 3751 594 3807; x_wconf 88' lang='lat' dir='ltr'><strong>Inscr</strong></span> <span class='ocrx_word' id='word_1_216' title='bbox 611 3751 653 3808; x_wconf 81' lang='lat' dir='ltr'><strong>Gr</strong></span> <span class='ocrx_word' id='word_1_217' title='bbox 670 3753 771 3822; x_wconf 89' lang='lat' dir='ltr'><strong>antiqu</strong></span> <span class='ocrx_word' id='word_1_218' title='bbox 787 3752 814 3808; x_wconf 84' lang='lat' dir='ltr'>N</span> <span class='ocrx_word' id='word_1_219' title='bbox 831 3753 891 3808; x_wconf 83' lang='lat'><strong>544.</strong></span> 
     </span>
     <span class='ocr_line' id='line_1_28' title="bbox 156 3836 1276 3914; baseline 0.004 -24"><span class='ocrx_word' id='word_1_220' title='bbox 156 3836 178 3906; x_wconf 86' lang='lat'><strong>¹)</strong></span> <span class='ocrx_word' id='word_1_221' title='bbox 213 3837 272 3914; x_wconf 86' lang='lat' dir='ltr'><strong>Has</strong></span> <span class='ocrx_word' id='word_1_222' title='bbox 295 3839 475 3914; x_wconf 78' lang='lat' dir='ltr'><strong>venditiones</strong></span> <span class='ocrx_word' id='word_1_223' title='bbox 499 3854 585 3908; x_wconf 79' lang='lat' dir='ltr'><strong>saepe</strong></span> <span class='ocrx_word' id='word_1_224' title='bbox 609 3839 657 3896; x_wconf 76' lang='lat' dir='ltr'><strong>alii</strong></span> <span class='ocrx_word' id='word_1_225' title='bbox 678 3838 846 3910; x_wconf 82' lang='lat' dir='ltr'><strong>permittunt</strong></span> <span class='ocrx_word' id='word_1_226' title='bbox 863 3840 1086 3910; x_wconf 76' lang='grc' dir='ltr'>(συνεπαινοῦντας</span> <span class='ocrx_word' id='word_1_227' title='bbox 1102 3841 1150 3892; x_wconf 79' lang='grc' dir='ltr'><strong>τοῦ</strong></span> <span class='ocrx_word' id='word_1_228' title='bbox 1168 3842 1276 3909; x_wconf 65' lang='lat' dir='ltr'><strong>percep:</strong></span> 
     </span>
     <span class='ocr_line' id='line_1_29' title="bbox 65 3923 1278 3996; baseline 0.002 -17"><span class='ocrx_word' id='word_1_229' title='bbox 65 3939 130 3994; x_wconf 89' lang='lat' dir='ltr'><strong>nec,</strong></span> <span class='ocrx_word' id='word_1_230' title='bbox 149 3923 174 3978; x_wconf 88' lang='lat' dir='ltr'><strong>si</strong></span> <span class='ocrx_word' id='word_1_231' title='bbox 191 3923 321 3979; x_wconf 89' lang='lat' dir='ltr'><strong>mulieres</strong></span> <span class='ocrx_word' id='word_1_232' title='bbox 341 3930 414 3994; x_wconf 85' lang='lat' dir='ltr'><strong>suut,</strong></span> <span class='ocrx_word' id='word_1_233' title='bbox 437 3930 516 3981; x_wconf 87' lang='lat' dir='ltr'><strong>tutor</strong></span> <span class='ocrx_word' id='word_1_234' title='bbox 534 3941 657 3996; x_wconf 86' lang='lat' dir='ltr'><strong>unquam</strong></span> <span class='ocrx_word' id='word_1_235' title='bbox 676 3926 874 3981; x_wconf 83' lang='lat' dir='ltr'><strong>auctoritatem</strong></span> <span class='ocrx_word' id='word_1_236' title='bbox 891 3940 949 3980; x_wconf 88' lang='lat' dir='ltr'><strong>uon</strong></span> <span class='ocrx_word' id='word_1_237' title='bbox 968 3926 1131 3996; x_wconf 78' lang='lat' dir='ltr'><strong>interponit.</strong></span> <span class='ocrx_word' id='word_1_238' title='bbox 1167 3924 1278 3982; x_wconf 80' lang='lat' dir='ltr'><strong>Causae</strong></span> 
     </span>
     <span class='ocr_line' id='line_1_30' title="bbox 65 4009 1277 4085; baseline 0.003 -19"><span class='ocrx_word' id='word_1_239' title='bbox 65 4009 263 4066; x_wconf 88' lang='lat' dir='ltr'><strong>concessionis</strong></span> <span class='ocrx_word' id='word_1_240' title='bbox 281 4012 439 4081; x_wconf 81' lang='lat' dir='ltr'><strong>complures</strong></span> <span class='ocrx_word' id='word_1_241' title='bbox 459 4013 616 4082; x_wconf 89' lang='lat' dir='ltr'><strong>excogitari</strong></span> <span class='ocrx_word' id='word_1_242' title='bbox 632 4017 762 4082; x_wconf 84' lang='lat' dir='ltr'><strong>possunt.</strong></span> <span class='ocrx_word' id='word_1_243' title='bbox 796 4013 830 4068; x_wconf 92' lang='lat' dir='ltr'><strong>In</strong></span> <span class='ocrx_word' id='word_1_244' title='bbox 847 4030 868 4068; x_wconf 90' lang='lat' dir='ltr'><strong>v</strong></span> <span class='ocrx_word' id='word_1_245' title='bbox 884 4013 919 4067; x_wconf 79' lang='lat'><strong>62</strong></span> <span class='ocrx_word' id='word_1_246' title='bbox 937 4029 991 4084; x_wconf 86' lang='lat' dir='ltr'><strong>sqq</strong></span> <span class='ocrx_word' id='word_1_247' title='bbox 1009 4027 1071 4068; x_wconf 86' lang='lat' dir='ltr'><strong>eam</strong></span> <span class='ocrx_word' id='word_1_248' title='bbox 1089 4014 1277 4085; x_wconf 77' lang='lat' dir='ltr'><strong>agnoscimus,</strong></span> 
     </span>
     <span class='ocr_line' id='line_1_31' title="bbox 66 4096 1278 4172; baseline 0.003 -20"><span class='ocrx_word' id='word_1_249' title='bbox 66 4111 143 4169; x_wconf 85' lang='lat' dir='ltr'><strong>quae</strong></span> <span class='ocrx_word' id='word_1_250' title='bbox 170 4112 233 4152; x_wconf 88' lang='lat' dir='ltr'><strong>cum</strong></span> <span class='ocrx_word' id='word_1_251' title='bbox 260 4096 376 4154; x_wconf 86' lang='lat' dir='ltr'><strong>fundum</strong></span> <span class='ocrx_word' id='word_1_252' title='bbox 403 4103 487 4154; x_wconf 86' lang='lat' dir='ltr'><strong>antea</strong></span> <span class='ocrx_word' id='word_1_253' title='bbox 513 4099 676 4168; x_wconf 87' lang='lat' dir='ltr'><strong>possederit</strong></span> <span class='ocrx_word' id='word_1_254' title='bbox 697 4116 750 4156; x_wconf 89' lang='lat' dir='ltr'><strong>nec</strong></span> <span class='ocrx_word' id='word_1_255' title='bbox 767 4101 889 4170; x_wconf 87' lang='lat' dir='ltr'><strong>pretium</strong></span> <span class='ocrx_word' id='word_1_256' title='bbox 905 4100 961 4155; x_wconf 82' lang='lat' dir='ltr'><strong>iam</strong></span> <span class='ocrx_word' id='word_1_257' title='bbox 978 4100 1130 4172; x_wconf 88' lang='lat' dir='ltr'><strong>acceperit,</strong></span> <span class='ocrx_word' id='word_1_258' title='bbox 1147 4100 1278 4157; x_wconf 79' lang='lat' dir='ltr'><strong>fiduciam</strong></span> 
     </span>
     <span class='ocr_line' id='line_1_32' title="bbox 63 4183 168 4240; baseline -0.038 0"><span class='ocrx_word' id='word_1_259' title='bbox 63 4183 168 4240; x_wconf 83' lang='lat' dir='ltr'><strong>habet:</strong></span> 
     </span>
     <span class='ocr_line' id='line_1_33' title="bbox 100 4266 1280 4342; baseline 0.003 -18"><span class='ocrx_word' id='word_1_260' title='bbox 100 4275 184 4338; x_wconf 77' lang='grc' dir='ltr'>Σῖμος</span> <span class='ocrx_word' id='word_1_261' title='bbox 197 4266 380 4337; x_wconf 77' lang='grc' dir='ltr'>Ἀναξικλέους</span> <span class='ocrx_word' id='word_1_262' title='bbox 403 4273 533 4342; x_wconf 77' lang='grc' dir='ltr'>Θρυήσιος</span> <span class='ocrx_word' id='word_1_263' title='bbox 550 4273 624 4342; x_wconf 78' lang='grc' dir='ltr'>παρὰ</span> <span class='ocrx_word' id='word_1_264' title='bbox 642 4277 742 4329; x_wconf 82' lang='grc' dir='ltr'>Φασίου</span> <span class='ocrx_word' id='word_1_265' title='bbox 760 4277 808 4327; x_wconf 79' lang='grc' dir='ltr'><strong>καί</strong></span> <span class='ocrx_word' id='word_1_266' title='bbox 824 4273 948 4342; x_wconf 80' lang='grc' dir='ltr'>Μερόπου</span> <span class='ocrx_word' id='word_1_267' title='bbox 966 4277 1115 4328; x_wconf 76' lang='grc' dir='ltr'>Θεσπιαδῶν</span> <span class='ocrx_word' id='word_1_268' title='bbox 1132 4278 1171 4339; x_wconf 81' lang='grc' dir='ltr'><strong>οῖς</strong></span> <span class='ocrx_word' id='word_1_269' title='bbox 1188 4274 1280 4342; x_wconf 72' lang='grc' dir='ltr'>κύριος</span> 
     </span>
     <span class='ocr_line' id='line_1_34' title="bbox 100 4355 1281 4429; baseline 0.005 -20"><span class='ocrx_word' id='word_1_270' title='bbox 100 4355 211 4412; x_wconf 67' lang='lat' dir='ltr'><strong>desita</strong></span> <span class='ocrx_word' id='word_1_271' title='bbox 236 4361 353 4426; x_wconf 78' lang='grc' dir='ltr'>Σίμωνος</span> <span class='ocrx_word' id='word_1_272' title='bbox 385 4359 515 4429; x_wconf 56' lang='lat' dir='ltr'><strong>epulone</strong></span> <span class='ocrx_word' id='word_1_273' title='bbox 541 4363 650 4428; x_wconf 78' lang='grc' dir='ltr'>ἐπρίατο</span> <span class='ocrx_word' id='word_1_274' title='bbox 673 4363 723 4415; x_wconf 81' lang='grc' dir='ltr'><strong>τῶν</strong></span> <span class='ocrx_word' id='word_1_275' title='bbox 740 4365 843 4429; x_wconf 77' lang='grc' dir='ltr'>χωρίων</span> <span class='ocrx_word' id='word_1_276' title='bbox 872 4362 923 4415; x_wconf 76' lang='grc' dir='ltr'><strong>τῶν</strong></span> <span class='ocrx_word' id='word_1_277' title='bbox 945 4364 973 4415; x_wconf 78' lang='grc' dir='ltr'><strong>ὲν</strong></span> <span class='ocrx_word' id='word_1_278' title='bbox 992 4356 1142 4417; x_wconf 81' lang='grc' dir='ltr'>Ἐλαιοῦντι</span> <span class='ocrx_word' id='word_1_279' title='bbox 1162 4365 1211 4417; x_wconf 84' lang='grc' dir='ltr'><strong>καί</strong></span> <span class='ocrx_word' id='word_1_280' title='bbox 1231 4364 1281 4429; x_wconf 79' lang='grc' dir='ltr'>τοῖς</span> 
     </span>
    </p>
   </div>
   <div class='ocr_carea' id='block_1_10' title="bbox 0 0 1538 5025">
    <p class='ocr_par' dir='ltr' id='par_1_11' title="bbox 0 0 1538 5025">
     <span class='ocr_line' id='line_1_35' title="bbox 0 0 1538 5025; baseline 0 0"><span class='ocrx_word' id='word_1_281' title='bbox 0 0 1538 5025; x_wconf 95' lang='lat' dir='ltr'><strong> </strong></span> 
     </span>
    </p>
   </div>
  </div>
 </body>
</html>
