3050 5025
122 1626 262 1811 Annus
288 1742 471 1827 praeteriit,
499 1741 669 1809 Theodoro
698 1742 884 1828 'Phalheim‚
912 1749 1125 1829 posteaquam
1153 1744 1259 1811 socius

27 1846 163 1911 itineris
184 1845 275 1910 illius
298 1845 428 1927 cognita
449 1845 566 1911 inertia
588 1865 671 1929 mea,
693 1851 729 1911 ut
751 1846 860 1911 fueras
883 1846 1022 1912 clemens
1037 1865 1165 1932 semper
1180 1866 1259 1930 erga

31 1948 246 2034 discipulum,
281 1947 391 2014 studia
423 1946 466 2013 ad
500 1948 670 2013 mulierum
703 1948 903 2015 Graecarum
936 1949 1158 2016 condicionem
1186 1970 1259 2015 oon-

29 2050 185 2117 vertendi
214 2056 328 2116 auctor
356 2050 462 2116 factus
492 2070 536 2116 es.
580 2051 622 2116 Et
651 2070 723 2117 cum
750 2058 784 2116 te
805 2058 934 2118 secutus
955 2072 1072 2118 novam
1094 2053 1180 2117 viam
1202 2052 1259 2117 im-

32 2155 161 2239 peritus
194 2154 349 2237 iniissem‚
383 2154 499 2218 iterum
518 2174 572 2221 ac
605 2154 736 2239 saepius
763 2174 868 2238 neque
897 2155 1031 2221 oonsilio
1060 2154 1126 2220 leni
1154 2173 1258 2237 neque
1365 2181 1368 2186 ·

33 2276 139 2341 opera
161 2255 239 2320 mihi
263 2255 411 2321 defuisti:
434 2256 512 2339 quin
535 2256 633 2325 etiam
656 2256 731 2322 libri
753 2256 811 2341 tui,
834 2256 888 2339 qui
904 2255 945 2321 de
960 2256 1141 2323 forensibus
1157 2256 1258 2324 Grae·

35 2379 150 2425 corum
173 2358 423 2440 antiquitatibus
452 2366 512 2443 est,
534 2359 720 2444 priusquam
742 2359 866 2444 publici
888 2360 967 2425 iuris
989 2359 1090 2444 fieret,
1113 2360 1192 2426 folia
1215 2361 1257 2425 ad

33 2481 87 2527 me
118 2461 249 2546 singula
277 2461 402 2527 misisti.
447 2461 569 2527 Horum
591 2460 820 2528 beneficiorum
852 2467 966 2547 gratus
993 2482 1178 2546 memorque
1200 2482 1258 2549 per

36 2585 134 2632 omne
157 2570 284 2651 tempus
306 2585 372 2630 616.

123 2684 328 2769 Quamquam
351 2685 434 2750 bene
456 2685 514 2750 alii
535 2705 662 2768 quoque
685 2683 830 2750 homines
851 2684 994 2750 illustres
1016 2684 1058 2749 de
1079 2705 1131 2750 me
1152 2685 1259 2750 meriti

33 2795 120 2854 sunt.
164 2787 329 2873 Exuperio
363 2787 544 2872 Oaillemer‚
572 2787 606 2851 in
628 2786 798 2853 acedemia
819 2787 1107 2853 iureconsultorum
1129 2786 1258 2870 Lugdu·
1348 2848 1351 2853 ⁴

34 2890 129 2956 nensi
152 2888 289 2972 decano,
312 2889 494 2975 complures
517 2889 764 2956 commentarios
780 2888 896 2955 debeo.
939 2889 1125 2975 WFrbhner
1140 2889 1258 2955 Parisi-

35 3012 96 3057 nus
130 2999 263 3058 auctore
293 2991 376 3056 Iulio
413 2991 537 3077 Oppert
575 2992 759 3075 catalogum
793 2991 1036 3076 inscriptionum
1065 3013 1086 3058 a
1115 3010 1152 3057 se
1185 3011 1258 3057 con·

37 3094 159 3160 fectum
182 3092 260 3157 mihi
283 3091 383 3158 dedit.
428 3093 497 3158 Viri
513 3093 711 3179 spectabiles
733 3093 789 3175 qui
812 3093 1029 3160 bibliothecae
1050 3094 1162 3177 regiae
1176 3094 1258 3160 Vra·

36 3195 219 3261 tislaviensi
241 3201 398 3280 praesunt
421 3201 453 3260 et
468 3195 673 3279 Gottingensi
689 3200 721 3261 et
735 3196 938 3262 Berolinensi
953 3202 986 3261 et
1001 3216 1110 3262 museo
1125 3195 1256 3281 publico

36 3297 258 3381 Neapolitano
297 3296 397 3362 libros
430 3297 541 3381 magni
577 3297 673 3383 pretii
710 3303 987 3383 comparavemnt.
1042 3298 1257 3382 wolfgangus

36 3400 171 3464 Passow
209 3399 395 3465 carissimus
428 3399 603 3466 commilito
633 3405 664 3465 et
693 3400 812 3464 librum
841 3401 991 3466 Berolino
1021 3399 1098 3465 mihi
1120 3420 1256 3467 commo

36 3501 129 3566 davit
152 3507 184 3566 et
205 3501 274 3567 illic
297 3503 425 3567 titulum
448 3502 631 3588 descripsit.
661 3502 810 3585 Denique
832 3509 865 3568 et
886 3502 1111 3568 Fordinundus
1126 3503 1256 3587 Regels-

37 3608 154 3688 berger
186 3605 252 3670 iam
293 3604 516 3688 Gottingensis
555 3611 587 3671 et
621 3605 778 3671 Henricus
810 3605 909 3671 Rosin
942 3605 1153 3671 consobrinus
1188 3605 1256 3669 Fri-

38 3708 207 3791 burgensis
228 3706 428 3793 professores
449 3708 528 3774 iuris
549 3707 736 3793 peritissimi
759 3707 893 3774 consilio
916 3727 968 3772 me
989 3705 1191 3773 adiuverunt.
