3050 5025
818 291 861 357 24

219 508 261 567 ‘et
282 500 404 568 ibidem
426 500 452 588 ξ
464 525 470 563 :
494 501 645 586 παρόντος
668 500 746 588 αὐτῇ
769 508 825 567 τοῦ
847 502 923 585 υἱοῦ,

231 611 264 670 et
284 604 405 670 ibidem
431 619 471 692 g:
494 604 645 690 παρόντος
669 603 748 691 αὐτῇ
770 606 826 669 τοῦ
846 603 971 688 πατρός.

316 724 385 791 Neo
406 745 483 791 voro
506 724 548 790 ad
571 726 705 790 tutelam
727 724 827 791 hosoe
849 724 1020 807 quiequam
1041 723 1202 809 pertinere
1224 743 1265 788 ox
1287 742 1325 790 eo
1347 724 1454 789 rnal-

229 826 315 892 heim
336 829 405 893 inre
426 828 527 895 efficit
539 830 571 914 ¹),
594 829 681 912 quod
702 850 766 895 nno
788 831 860 894 loeo
883 827 979 893 amioi
1002 826 1132 892 definite
1156 825 1306 911 παρόντες
1332 827 1451 911 appel-

229 931 335 995 lentur
347 930 382 1015 ²).
426 932 563 1018 Saepius
596 933 689 998 nobis
721 932 756 997 id
790 932 936 997 ooourrit.
980 930 1072 1007 Quod
1105 936 1212 996 autem
1245 931 1323 995 item
1355 929 1452 1014 apud

231 1034 369 1100 Boeotos
390 1036 517 1100 mulieri
540 1035 638 1101 etiam
661 1036 688 1101 si
719 1033 937 1102 oonseorando
967 1053 1094 1099 servum
1126 1034 1341 1116 manumittat,
1373 1031 1450 1097 viro

231 1156 312 1222 opus
340 1157 411 1203 esse
450 1139 544 1221 quasi
582 1138 741 1205 advoooto
766 1143 891 1222 censet,
924 1143 1021 1203 sueta
1054 1136 1119 1202 iam
1151 1135 1316 1201 titulorum
1350 1137 1453 1219 eopia

229 1260 292 1305 non
315 1240 417 1306 solum
440 1241 601 1307 interdum
623 1240 740 1308 adesse
762 1240 919 1325 quosdam
942 1240 1019 1305 viris
1041 1238 1326 1304 manumissoribus
1351 1236 1452 1303 dooe-

227 1363 307 1427 mnr‚
331 1343 428 1409 siout:

274 1444 290 1509 ό
313 1446 398 1513 δεῖνα
421 1447 505 1533 ίαρός
519 1454 573 1513 τοῦ
585 1445 743 1533 Σαράπιος
762 1445 915 1532 παρόντος
930 1442 1014 1531 αὐτῷ
1028 1451 1082 1509 τοῦ
1098 1443 1227 1530 ίεράχου
1243 1441 1448 1525 Ἀλίππουῧ).

269 1547 468 1636 Ἀριστοκλῆς
490 1548 532 1636 κὴ
555 1549 766 1637 Νικόστρατος
787 1548 1025 1634 Καλλικράτους
1052 1548 1110 1612 κτλ
1131 1547 1293 1633 παριόντος
1311 1546 1450 1632 Ἀριστο-

272 1651 345 1717 κλεῖ
362 1660 406 1717 τῶ
428 1654 502 1718 ουίῶ
524 1652 752 1739 Καλλικράτιος
774 1652 817 1739 κὴ
840 1652 1088 1729 συνευδσκίοντος
1099 1653 1134 1736 ⁴),

274 1769 363 1838 Θὲων
383 1771 540 1859 Σωμήλου
562 1771 723 1859 Λεβαδεός
744 1772 895 1857 παρόντος
918 1770 1001 1859 αὐτῷ
1022 1779 1077 1837 τοῦ
1099 1772 1165 1836 υίοῦ
1187 1770 1385 1858 nepetae:

229 1911 340 1957 verum
363 1893 460 1958 etiam
482 1893 619 1959 feminas
642 1893 802 1958 interdum
825 1914 896 1958 oum
918 1913 1011 1959 nemo
1033 1893 1119 1959 adsit
1140 1891 1374 1974 manumittere,
1398 1892 1449 1955 ofr

230 2001 298 2059 turn
320 1996 500 2061 mutilatam
522 1996 613 2062 illam
636 1995 764 2079 quidem
780 1995 867 2082 apud
882 1995 1070 2060 Larfoldum
1084 1995 1325 2080 inscriptionem
1337 1993 1360 2075 ⁶)
1375 1999 1446 2057 tum

228 2098 311 2164 duas
332 2099 514 2183 nuperrime
535 2099 657 2185 publioi
679 2100 757 2165 iuris
779 2100 934 2180 faotas⁷):

274 2238 281 2253 ·
298 2238 306 2253 ·
323 2237 330 2252 ·
347 2241 355 2254 ·
378 2221 423 2304 ρίς
439 2217 559 2284 Ἀστίου
582 2210 765 2305 ἀνατίθησιν
820 2228 853 2286 et

272 2320 373 2406 Μηλίς
394 2321 571 2407 Φιλήμονος
591 2319 769 2409 ἀνατίθησι.

207 2440 279 2540 ¹Er
312 2439 362 2505 his
388 2441 516 2508 efficere
541 2444 654 2508 Perrot
686 2442 784 2508 debet
814 2444 847 2509 in
873 2443 1007 2509 Boeotia
1029 2443 1169 2509 saeoulis
1199 2443 1245 2508 αθ
1266 2443 1323 2509 ΠΙ.
1348 2448 1381 2507 et
1402 2443 1447 2507 ΙΙ.

230 2546 365 2609 tutelam
380 2546 568 2611 muliebrem
583 2547 711 2612 omnino
726 2568 791 2613 non
802 2546 918 2614 fuisse:
940 2568 1134 2632 quamquam
1145 2547 1318 2613 Niosretae
1333 2546 1447 2612 titulus

231 2647 375 2713 eiusdem
397 2650 550 2734 temporis
571 2653 672 2717 verba
684 2651 829 2716 exhibet:
851 2650 1003 2737 παρόντος
1024 2649 1104 2735 αὐτῇ
1125 2649 1232 2734 κυρίου
1254 2649 1308 2713 τοῦ
1323 2646 1445 2732 ἀνδρός.

230 2750 316 2834 Ergo
338 2753 509 2835 probatum
538 2763 586 2819 est
613 2774 654 2818 no
683 2753 771 2838 apud
792 2754 931 2820 Boeotos
958 2753 1088 2837 quidem
1114 2752 1254 2818 feminae
1281 2752 1314 2816 in
1336 2771 1445 2816 manu-

231 2854 436 2921 missionibus
458 2862 515 2922 aut
535 2863 640 2923 tutore
663 2877 743 2942 opus
767 2877 838 2923 esse
860 2864 917 2923 ant
938 2864 1102 2940 tamquam
1124 2856 1294 2922 advocato.

318 2993 383 3058 Sed
405 3000 441 3060 ut
463 2993 506 3058 ad
520 2995 696 3081 Delphicas
718 3016 771 3061 res
793 2996 896 3062 oratio
919 3001 1107 3078 revertatur,
1130 2993 1299 3059 mulierum
1314 2992 1443 3057 illarum

233 3096 334 3161 maior
356 3116 428 3163 esse
449 3104 595 3182 potestas
622 3096 741 3182 agendi
769 3098 960 3164 Thalhoimo
986 3097 1114 3164 videtur
1141 3102 1273 3182 propter
1298 3100 1446 3162 παρίοισι

233 3198 402 3284 secundos,
424 3201 478 3283 qui
502 3202 712 3267 bebaeoteres
734 3201 859 3267 Graeoe
891 3201 1047 3267 nominati
1077 3201 1111 3265 in
1137 3219 1202 3265 una
1224 3218 1351 3283 quaque
1372 3217 1445 3263 ven-

234 3300 355 3368 ditione
377 3323 471 3370 ssero
493 3304 619 3388 legibus
640 3306 857 3388 requiruntur:
891 3305 1003 3371 horum
1037 3323 1108 3370 osse
1136 3309 1248 3370 eontra
1270 3302 1444 3386 quemlibet

233 3403 408 3471 defendere
428 3406 611 3472 libertatem
634 3409 728 3492 servi,
752 3408 848 3474 etiam
872 3414 984 3474 eontra
1005 3414 1142 3473 tutorem
1165 3406 1308 3471 mulieris
1328 3405 1443 3491 ipsum.

232 3509 381 3574 Ceterum
413 3509 495 3575 siout
529 3516 625 3575 antea
650 3511 715 3576 iam
739 3511 911 3578 Gaillomer
944 3518 1106 3576 anotorem
1140 3508 1317 3576 seeundum
1345 3528 1442 3594 saepe

231 3629 327 3676 unum
351 3612 551 3695 eundemque
573 3633 612 3678 eo
632 3619 771 3680 tutorem
794 3613 1022 3680 animadvertit
1043 3615 1132 3680 velut
1152 3614 1301 3678 maritum
1316 3613 1358 3676 W
1372 3615 1398 3676 o
1413 3613 1441 3675 F

318 3891 341 3957 ¹)
376 3889 484 3959 Antiqn
502 3886 600 3943 ferens
617 3902 636 3958 ρ
655 3890 671 3942 9
690 3889 779 3944 odnot
798 3893 867 3944 extr.

315 3977 338 4048 ²)
372 3975 497 4046 Larfold,
516 3975 575 4046 Syll
592 3976 668 4030 inser
684 3977 779 4030 Booot
796 3977 839 4030 31.

319 4066 343 4131 ⁸)
375 4059 513 4132 Ἀθήναιον
530 4063 580 4133 IX,
598 4063 657 4117 358.

321 4152 340 4221 ⁴)
374 4150 492 4206 Larfeld
508 4167 527 4220 ρ
546 4151 587 4204 51.

317 4239 338 4300 ⁶)
374 4237 489 4309 Preller,
508 4235 637 4293 Berichte
657 4236 772 4307 Leipzig
790 4235 937 4292 Gesellseh
954 4237 974 4291 d
991 4237 1067 4292 Wiss
1089 4236 1164 4291 1854.

318 4325 339 4398 1)
374 4327 408 4379 55
426 4327 457 4382 B.
477 4355 508 4366 -
527 4327 550 4394 1)
569 4325 631 4380 Βυ11
649 4326 685 4380 de
704 4341 770 4380 oorr
787 4323 937 4436 λυ11ρ884,
955 4325 988 4377 61
1009 4329 1038 4377 et
1056 4325 1098 4379 57.
