3050 5025
843 310 885 379 56

341 518 451 604 ltaque
473 520 515 587 de
537 521 606 587 iure
620 522 794 588 Teniorum
816 523 1011 590 hereditario
1034 523 1114 589 nihil
1136 529 1263 590 constat
1284 521 1370 605 quod
1392 543 1414 587 a
1430 522 1478 587 le·

254 624 348 706 gibus
371 624 615 690 Atheniensium
637 626 819 703 abhorreat.

341 728 479 813 Spartae
502 729 694 811 omninoque
716 728 749 792 in
773 728 957 794 civitatibus
979 729 1106 795 Doricis
1133 750 1209 794 num
1231 729 1314 795 sicut
1335 729 1476 794 Athenis

257 830 325 896 filia
347 831 529 896 hereditate
551 853 571 896 a
593 831 659 896 filio
683 831 886 915 excludatur,
919 833 1064 898 accurati
1086 831 1164 897 nihil
1187 832 1276 918 apud
1298 832 1475 917 scriptores
1522 819 1523 822 ¹

255 941 381 1000 veteres
410 935 542 1018 legitur:
577 955 772 1018 quamquam
806 942 937 1020 propter
964 937 1054 1019 leges
1083 956 1164 1019 quas
1192 936 1234 1002 de
1265 935 1475 1001 hereditariis

255 1035 385 1103 filiabus
418 1036 556 1122 Spartae
586 1057 713 1121 quoque
742 1043 830 1104 certo
864 1039 982 1103 seimus
1015 1039 1114 1105 fuisse
1146 1039 1233 1105 idern
1265 1038 1473 1104 statuendum

259 1140 319 1205 erit
333 1140 366 1225 ¹).
411 1141 511 1206 Porro
527 1139 567 1206 de
584 1142 731 1207 Oretibus
746 1142 894 1227 Ephorus
909 1142 1084 1208 memoriae
1097 1141 1158 1207 hoo
1174 1142 1262 1228 apud
1277 1142 1473 1208 Strabonem

255 1244 363 1329 prodit
375 1244 414 1322 ²):
444 1244 539 1329 φερνή
564 1242 594 1308 δ’
620 1244 710 1329 ἐστίν,
734 1238 771 1309 ἂν
794 1237 924 1329 ἀδελφοὶ
945 1243 1013 1329 ὦσι,
1027 1244 1063 1309 τὸ
1078 1240 1174 1331 ἥμισυ
1189 1251 1245 1330 τῆς
1258 1252 1313 1310 τοῦ
1329 1238 1471 1330 ἀδελφοῦ

260 1348 393 1432 μερίδος.
438 1347 565 1412 Titulus
588 1347 643 1412 ille
666 1348 704 1413 V.
728 1348 775 1413 aO
797 1348 928 1413 saeculo
952 1354 1103 1414 exaratus
1115 1350 1154 1431 3);

305 1449 426 1537 Ξουθίᾳ
454 1450 704 1537 παρακαθθνῆκα
731 1452 775 1515 τῶ
804 1451 972 1537 Φιλαχαίω
1000 1451 1194 1537 respondeas
1220 1462 1295 1540 μναῖ
1313 1445 1471 1538 ἀργυρίου.

302 1555 329 1618 εἰ
352 1554 406 1640 μέν
428 1577 472 1618 κα
495 1553 572 1639 ζώη,
595 1557 642 1619 τοὶ
663 1555 722 1619 υἱοὶ
745 1548 910 1620 dialecto
932 1558 979 1619 sol
999 1554 1128 1641 γνήσιοι,
1163 1556 1231 1619 ἐπεί
1250 1578 1294 1619 κα
1316 1549 1472 1642 ἠβοίοωντι

299 1658 389 1723 πέντε
410 1658 526 1723 Ἠέτεα·
562 1659 589 1722 εἰ
616 1658 651 1722 δέ
678 1681 722 1722 κα
750 1658 794 1744 μή
822 1658 921 1742 ζῶντι,
954 1661 1004 1723 ταὶ
1030 1659 1203 1744 θυγατέρες
1230 1657 1393 1725 ἀντλοσθω
1421 1660 1472 1723 ταὶ

297 1759 420 1846 γνήσιαι
442 1761 510 1825 κτλ.

257 1864 285 1929 si
307 1864 376 1928 iure
398 1863 515 1929 dicitur
538 1885 559 1928 a
580 1863 694 1928 Fiohio
717 1862 879 1947 Achaeus,
900 1884 942 1928 ne
964 1862 1053 1948 apud
1067 1863 1208 1929 Achivos
1230 1863 1361 1946 quidem
1382 1863 1470 1929 filiae

256 1967 366 2032 vocari
392 1966 542 2031 videntur
570 1966 604 2029 in
635 1965 849 2031 hereditatem
882 1966 945 2031 nisi
977 1965 1053 2031 filiis
1086 1964 1320 2032 deficientibus.
1364 1966 1470 2049 Atque

258 2071 356 2134 etiam
400 2068 488 2154 apud
532 2068 745 2154 Mytilenaeos
778 2068 930 2134 Aeolioos
974 2069 1165 2136 Aristoteles
1178 2069 1200 2148 ⁴)
1248 2069 1349 2135 fuisse
1392 2069 1472 2134 dicit

256 2170 452 2258 ἐπικλήρους.
498 2242 500 2249 ,

341 2274 509 2359 Delphicis
531 2274 633 2340 titulis
655 2274 941 2340 manumissionum
964 2275 1214 2341 aLoorensibus
1235 2276 1424 2360 plerumque
1440 2281 1472 2340 et

260 2377 476 2447 Phocensibus
499 2377 658 2442 factarum
680 2376 871 2443 Thalheimo
893 2376 1021 2442 videtur
1044 2378 1247 2465 comprobari
1275 2377 1340 2443 filio
1363 2398 1471 2462 super-

258 2483 331 2548 stite
354 2480 478 2547 heredii
495 2486 621 2565 partem
635 2480 724 2547 filiae
739 2480 916 2565 obtingere.
960 2481 1051 2548 Haeo
1066 2481 1134 2548 fere
1149 2482 1255 2548 solent
1268 2482 1369 2547 verba
1384 2500 1471 2547 esse:

300 2581 451 2671 ἄρχοντος
472 2585 526 2648 τοῦ
549 2585 655 2668 δεῖνος,
680 2583 775 2670 μηνὸς
796 2586 850 2648 τοῦ
873 2585 981 2668 δεῖνος,
1004 2577 1021 2649 ὃ
1044 2586 1130 2650 δεῖνα
1156 2578 1290 2649 ἀπέδοτο
1303 2582 1472 2650 Ἀπόλλωνι

300 2691 391 2774 σῶμα
417 2684 556 2772 ἀνδρεῖον
577 2687 685 2772 τιμᾶς·
698 2707 705 2722 ·
719 2707 726 2722 ·
741 2694 827 2773 μνᾶν,
853 2686 1117 2753 συνευδοκούντυν
1141 2689 1196 2752 τοῦ
1222 2689 1319 2764 δεῖνος
1340 2689 1395 2750 καὶ
1416 2688 1472 2772 τῆς

258 2793 363 2869 δεῖνος.
380 2788 556 2878 βεβαιυτήρ
579 2782 595 2853 ὅ
618 2791 713 2870 δεῖνα,
737 2789 888 2876 μάρτυρες
910 2791 940 2854 οἱ
960 2791 1055 2856 δεῖνα.

257 2896 322 2960 Eos
345 2894 604 2970 συνευδοκοῦντος
618 2892 789 2959 Thalheim
805 2893 888 2958 siout
902 2899 1000 2959 antea
1014 2894 1080 2958 iam
1094 2894 1235 2960 Foucart
1257 2901 1290 2959 et
1310 2894 1471 2960 Bdohsen-

257 2997 367 3064 schulz
380 2998 402 3083 ⁶)
431 2996 586 3063 heredum
613 2997 741 3062 nomine
770 2996 950 3062 consentire
979 3002 1097 3081 censet,
1132 3017 1172 3062 ne
1200 2997 1330 3080 quando
1356 3004 1471 3083 postea

258 3101 541 3167 manumissionem
563 3101 747 3186 improbare
769 3100 895 3185 possint
907 3099 942 3186 ⁶).
986 3101 1029 3165 At
1050 3101 1188 3185 primum
1210 3121 1271 3167 nec
1292 3101 1326 3166 in
1341 3101 1471 3187 Delphi-

349 3379 368 3446 ¹)
403 3375 520 3432 Foustel
545 3376 580 3430 de
604 3375 774 3445 Conlanges,
796 3375 881 3429 Droit
904 3377 940 3431 de
958 3377 1103 3445 propriete
1122 3378 1140 3429 a
1158 3376 1275 3445 Sparte:
1310 3377 1401 3432 Journ
1420 3377 1470 3431 des

258 3481 311 3520 sav
333 3466 406 3535 1880,
424 3482 442 3534 p
463 3466 520 3519 llo.
557 3463 687 3533 OMiiller,
704 3463 823 3517 Dorier²
839 3464 874 3533 11,
894 3463 952 3517 192.

343 3551 365 3623 ²)
400 3552 466 3606 vide
485 3567 572 3620 supra
589 3567 608 3620 p
626 3551 668 3605 34.

345 3641 366 3700 ³)
402 3637 493 3692 Roehl
510 3637 577 3692 IGA
594 3636 642 3708 683
657 3636 882 3705 Bezzenberger‚
899 3636 979 3690 Beitr
990 3636 1017 3691 V
1029 3636 1093 3706 3243
1112 3637 1235 3705 Meister,
1253 3636 1344 3691 Jahrb
1357 3635 1372 3690 f
1381 3636 1470 3690 Philol

261 3727 340 3797 1882,
358 3744 376 3797 p
395 3728 446 3782 522
465 3731 494 3781 ct
511 3722 900 3792 Wilamowitz-Mollendorf,
918 3723 1046 3778 Zeitsohr
1059 3722 1074 3776 f
1088 3723 1107 3776 d
1126 3723 1268 3792 cyma-w
1288 3724 1393 3793 1884‚p
1413 3725 1468 3777 112.

257 3814 512 3870 Lacedaemonium
530 3813 599 3866 dicit
616 3811 715 3866 Roehl.

342 3903 365 3970 ¹¹)
400 3901 521 3969 Aristot,
538 3900 592 3954 Pol
609 3901 643 3966 V,
662 3899 686 3967 3,
705 3900 730 3954 3.

345 3991 366 4058 ὁ)
401 3988 535 4058 doceant,
561 3988 633 4042 Mem
660 4001 709 4040 sur
735 3985 881 4040 l’affranch
908 4003 927 4054 p
950 3985 981 4055 83
1009 3983 1248 4054 Biichsensohilta,
1270 3985 1365 4039 Besitn
1384 4003 1401 4039 u
1418 3987 1468 4040 Er·

257 4077 336 4132 werb
354 4092 372 4145 p
393 4076 451 4130 175.

344 4164 365 4234 ⁶)
400 4163 555 4231 Legitimos
572 4177 751 4231 nequaquam
775 4166 820 4215 est
838 4175 994 4216 consensus
1012 4190 1045 4198 —
1064 4160 1094 4213 id
1113 4159 1189 4228 quod
1207 4158 1353 4213 Thalheim
1372 4158 1468 4213 statuit

257 4281 290 4290 —
310 4251 413 4320 quippe
433 4250 480 4318 qui
504 4249 672 4317 compluries
695 4248 848 4304 heredibus
872 4247 1098 4303 commemoratis
1117 4247 1192 4300 desit
1209 4247 1256 4316 (W
1274 4247 1299 4300 dr
1315 4246 1338 4300 F
1356 4247 1403 4316 423
1422 4248 1466 4316 543

255 4339 389 4410 8431523
412 4338 477 4407 2443
504 4337 575 4408 279),
603 4353 665 4391 euru
694 4341 908 4395 accuratissime
933 4342 962 4390 et
984 4341 1119 4390 auctores
1141 4333 1283 4388 secundos
1308 4349 1418 4403 semper
1441 4341 1468 4389 et
