3050 5025
847 346 890 410 20

304 550 457 619 ἐδάνεισεν
490 552 649 638 Νικαρὲτα
678 550 801 629 Θέωνος
823 549 966 636 Θεσπική
995 550 1147 637 παρόντος
1174 551 1254 639 πότι]
1282 553 1389 638 κυρίου
1417 559 1471 617 τοῦ

301 653 410 740 ἀνδρὸς
427 655 579 735 Δεξίππου
596 654 769 741 Εόνομίδου
784 653 1001 741 Καρισοδωρῳ
1023 655 1180 722 Διονυσίου
1203 657 1261 721 ντλ
1282 658 1337 721 καί
1352 654 1471 741 ἐγγύας
1509 673 1510 694 ³

302 759 343 835 εἰς
371 760 499 825 ἔκτεισιν
531 766 585 824 τοῦ
618 758 739 823 δανείου
768 760 956 842 (sequuntur
983 759 1125 839 nomina)
1154 757 1301 845 ἀργυρίου
1329 757 1471 845 δραχμὰς

303 862 406 927 18833
440 861 553 928 ἄτοκον
583 862 623 947 ἐχ
645 860 788 927 Θεσπιῶν
815 861 847 938 ἐς
873 858 912 925 τὰ
937 859 1139 949 Παμβοιώτια
1165 862 1205 927 τοὶ
1234 858 1280 927 ἐπ’
1300 860 1470 948 Ὀνασίμου

303 963 454 1051 ἄρχοντος
474 964 630 1042 Βοιωτοῖς.
667 960 869 1029 ἀποδότωσαν
897 964 932 1027 δὲ
958 961 993 1028 τό
1022 963 1141 1030 δάνειον
1166 964 1196 1028 οἱ
1217 962 1471 1050 δανεισάμενοιῆ

302 1068 332 1131 οί
363 1069 469 1153 ἔγγυοι
500 1067 660 1153 Νικαρὲτᾳ
693 1067 725 1133 ἐν
755 1075 818 1144 τοῖς
848 1065 1074 1152 Παμβοιωτίοις
1111 1064 1171 1151 πρό
1203 1068 1259 1152 τῆς
1292 1066 1404 1145 θυσίας
1439 1068 1471 1132 ἐν
1509 1119 1510 1150 1

302 1168 432 1255 ἡμέραις
460 1168 497 1256 γ’.
528 1169 581 1235 ἐὰν
609 1170 645 1235 δὲ
672 1170 715 1256 μή
746 1168 885 1236 ἀποδῶσι
911 1168 1153 1255 πραχθήσονται
1180 1168 1264 1235 κατὰ
1290 1170 1343 1237 τόν
1367 1168 1470 1255 νόμον.
1509 1247 1510 1250 ¹

301 1268 322 1357 ἡ
349 1274 384 1337 δὲ
411 1273 519 1358 πρᾶξις
548 1274 627 1340 ἔστω
661 1274 759 1338 ἔατε
793 1270 981 1339 αὐτῶντῶν
1008 1271 1234 1358 δανεισαμένων
1260 1274 1315 1338 καί
1346 1273 1384 1337 ἐκ
1411 1273 1473 1337 τῶν

303 1375 422 1462 ἐγγόων
444 1379 500 1440 καί
521 1376 553 1454 ἐξ
576 1374 641 1453 ἑνός
667 1378 723 1439 καί
750 1375 789 1440 ἐκ
809 1374 957 1441 πλειόνων
985 1376 1041 1439 καί
1069 1374 1106 1438 ἐν
1126 1372 1249 1440 πάντων
1275 1377 1331 1439 καὶ
1350 1375 1391 1441 ἐκ
1411 1381 1473 1439 τῶν

302 1476 504 1565 ὑπαρχόντων
537 1476 639 1556 αὐτοῖς
671 1476 851 1564 πραττοόσῃ
885 1476 918 1544 ὃν
951 1476 989 1543 ἂν
1020 1475 1134 1563 τρόπον
1168 1476 1326 1565 βούληται,
1381 1476 1402 1563 ή
1438 1478 1473 1542 δὲ
1509 1539 1510 1542 ,

275 1617 277 1621 -
302 1580 469 1667 συγγραφά
490 1581 583 1666 κυρία
604 1583 683 1647 ἔστω
705 1580 766 1647 κᾶν
788 1580 883 1659 ἄλλος
906 1580 1037 1668 ἐπιρέρῃ
1060 1576 1138 1666 ὑπὲρ
1160 1579 1344 1665 Νικαρέτας.

258 1685 433 1751 Plebisoito
469 1684 600 1752 tandem
637 1685 834 1769 decernitur,
875 1689 912 1749 ut
953 1691 1120 1767 argentum
1158 1683 1284 1749 mulieri
1319 1681 1476 1749 reddatur

260 1786 330 1873 (O):
354 1808 416 1871 quo
438 1788 526 1854 iacto
548 1788 681 1854 Pistocii
703 1787 887 1871 argentario
898 1786 1041 1872 Thespio
1068 1785 1112 1853 ad
1134 1786 1292 1853 rationem
1312 1785 1400 1851 illius
1423 1785 1478 1851 dc·

261 1890 388 1973 legatur
410 1891 452 1969 (H
475 1897 508 1955 et
529 1891 582 1975 A).
626 1891 768 1976 Duplum
791 1890 939 1976 accipere
960 1890 1115 1957 Nioareta
1137 1888 1247 1955 debet:
1270 1890 1475 1973 nequeenim

260 1994 363 2059 solam
390 1994 516 2059 solvere
544 1993 718 2078 civitatem,
751 2013 862 2058 verum
893 1994 991 2058 etiam
1018 1991 1083 2057 fide
1110 1992 1251 2057 iussores
1280 1990 1475 2057 credendum

260 2101 319 2182 est,
341 2097 420 2177 tcum
449 2103 481 2162 et
503 2092 706 2183 ἀναγκάσδεν
733 2094 826 2182 δόμεν
858 2095 1004 2179 legamus
1037 2096 1070 2160 in
1091 2116 1113 2159 v
1133 2093 1175 2157 46
1198 2100 1230 2160 et
1252 2093 1293 2159 dc
1315 2094 1477 2160 solutione

260 2198 464 2291 plebiscitum
498 2200 679 2285 Polycratis
718 2220 802 2265 anno
840 2198 914 2283 fiat,
953 2217 1057 2264 annus
1092 2198 1191 2281 igitur
1226 2196 1372 2263 Onasimi
1407 2196 1476 2262 iam

260 2302 472 2387 praeterierit.
495 2300 698 2388 όπεραμερίαι
718 2308 890 2387 postquam
912 2323 932 2368 a
953 2299 1169 2386 polemarchis
1197 2305 1271 2366 sunt
1292 2305 1476 2385 reportatae

262 2403 306 2483 (D
329 2409 362 2469 ct
383 2404 434 2488 E),
456 2423 475 2469 e
496 2405 667 2491 plebiscito
689 2410 758 2471 tota
780 2424 832 2470 res
854 2404 887 2469 iu
910 2403 1019 2490 lapide
1041 2403 1193 2471 inciditur
1214 2402 1279 2488 (Β).

347 2525 466 2592 Contra
480 2527 581 2592 mutui
596 2525 735 2592 feminae
750 2525 821 2591 dati
835 2524 1017 2610 exemplum
1029 2531 1078 2590 est
1092 2524 1126 2591 in
1136 2543 1261 2610 papyro
1268 2522 1431 2608 Aegyptio
1446 2522 1477 2600 ¹).

260 2627 311 2691 De
333 2626 491 2693 frumento
524 2629 640 2712 agitur.
683 2629 785 2694 Tutor
817 2627 878 2694 etsi
909 2632 1022 2693 auctor
1052 2626 1097 2712 fit,
1130 2625 1330 2692 reddendum
1366 2631 1478 2691 tamen

263 2728 456 2794 frumentum
478 2731 639 2797 neminem
660 2736 829 2815 praestare
852 2730 916 2796 nrsi
937 2730 1103 2796 mulierem
1124 2729 1230 2815 ipsam
1257 2727 1365 2795 verbis
1392 2749 1478 2794 eom-

260 2833 426 2918 probatur.

619 3027 652 3096 3.
707 3020 773 3096 De
799 3019 1118 3095 fideiubendo.

346 3195 434 3259 Inter
450 3200 614 3261 sescentos
629 3195 696 3259 fero
711 3193 995 3260 manumissionum
1010 3190 1121 3257 titulos
1136 3191 1323 3277 Delphicus,
1339 3213 1477 3276 quorum

260 3297 396 3381 quisque
419 3296 631 3384 βεβαιωτῆρας
653 3294 687 3361 id
710 3302 758 3362 est
780 3300 929 3361 auctores
951 3293 1111 3360 secundos
1132 3293 1264 3360 exhibet
1292 3295 1478 3381 complures

261 3406 317 3466 aut
339 3419 452 3466 unum:
475 3419 631 3482 nusquam
647 3399 761 3465 mulier
783 3398 844 3465 hoc
859 3417 973 3464 munus
988 3397 1132 3482 suscipit,
1154 3417 1347 3481 quamquam
1363 3417 1477 3466 servos

259 3501 449 3587 saepissime
480 3502 573 3587 ipsae
601 3501 740 3568 feminae
771 3501 805 3565 in
837 3500 1020 3567 libertatem
1041 3499 1215 3566 vindicant
1259 3502 1344 3568 Raro
1366 3508 1478 3568 tamen

260 3606 382 3671 femina
403 3604 615 3671 manumissor
637 3611 767 3691 practer
789 3610 953 3670 auctorem
982 3602 1158 3669 secundum
1186 3602 1248 3669 deo
1275 3604 1441 3686 negotium
1454 3606 1477 3680 ²)

260 3712 429 3792 praestare
451 3706 577 3772 dicitur.
623 3708 669 3774 Ac
691 3727 732 3773 ne
754 3707 788 3771 in
802 3705 913 3772 Teniis
935 3705 1065 3789 quidem
1086 3706 1205 3771 tabulis
1226 3705 1310 3771 inter
1324 3713 1477 3773 auctores

143 3863 150 3874 .
260 3809 419 3875 secundos
442 3847 482 3856 —
505 3810 620 3891 quibus
642 3809 688 3875 ibi
709 3827 826 3874 nomeu
847 3827 919 3874 esse
941 3810 1024 3874 solct
1044 3814 1200 3894 πρατῆρες
1216 3845 1254 3856 -
1271 3808 1338 3875 ulla
1353 3807 1477 3876 femina

261 3912 428 3997 reperitur.
472 3910 563 3988 Quae
586 3912 614 3977 si
636 3911 687 3978 cui
708 3911 837 3976 omnino
852 3931 964 3977 carere
978 3910 1174 3979 fideiubcndi
1189 3917 1349 3998 potestate
1364 3911 1476 3977 viden-

261 4022 328 4082 tur:
349 4014 500 4081 Thauubi
528 4014 689 4098 quaedam
710 4014 742 4080 in
765 4015 915 4101 Aegypto
937 4022 1013 4082 ante
1035 4014 1195 4081 Christum
1216 4021 1328 4080 natum
1348 4052 1393 4064 -
1413 4035 1476 4082 nec

352 4287 374 4356 ¹)
409 4287 526 4344 Notices
545 4292 574 4342 et
591 4289 710 4343 extraits
728 4290 754 4344 N
771 4290 801 4343 7:
820 4288 864 4344 cfr
883 4306 970 4358 supra
986 4305 1005 4358 p
1026 4291 1065 4344 13.

347 4375 372 4445 ²)
409 4373 452 4431 cfr
472 4374 546 4432 infra
563 4392 582 4445 p
600 4375 634 4430 22
652 4391 714 4446 sqq.
