3050 5025
570 418 586 421 ..
636 324 676 388 31

677 419 682 422 -
695 418 755 425 -—-—-

86 532 274 599 dubitabat.
304 532 347 618 μὴ
369 538 446 596 πᾶσι
469 533 514 617 δέ,
537 530 619 598 ἀλλὰ
640 534 700 600 τῶν
723 534 878 620 συγγενῶν
899 539 953 599 τοῦ
975 530 1084 617 ἀνδρὸς
1107 531 1132 617 ᾤ
1155 530 1261 618 βούλε-

85 659 140 701 ται
169 636 373 722 διαλέγεσθαι
399 634 456 722 τήν
483 635 652 722 ἐπίκληρον
679 635 763 719 ὅπως
790 637 903 705 οἰκεῖον
929 634 950 727 ᾖ
979 638 1034 704 καὶ
1056 635 1188 724 μετέχον
1208 634 1263 699 τοῦ

83 739 198 826 γένους
218 738 254 805 τὸ
275 738 466 826 τικτόμενονε
1042 756 1048 767 ·

39 843 258 909 Atheniensia
300 843 447 909 instituta
481 842 748 910 Lacedaemoniis
778 842 931 911 confundi
967 842 1116 908 videntur
1128 843 1161 929 ¹).
1198 842 1261 923 Ly-

41 966 167 1029 curgus
207 945 292 1011 enim
331 946 424 1029 quasi
462 947 691 1031 comprobasse
718 947 821 1012 fertnr
850 946 1056 1031 adulterium,
1089 943 1262 1014 dummodo

41 1049 125 1116 boni
154 1054 364 1115 nascerentur
390 1048 477 1115 cives
499 1049 547 1114 rei
568 1049 719 1135 publicae
731 1049 764 1133 ²).
787 1086 830 1099 -
850 1050 986 1116 Athenis
1008 1070 1072 1115 uon
1094 1047 1197 1115 sulum
1220 1046 1263 1113 ad

43 1154 157 1239 ipsam
199 1171 349 1237 uxorem,
391 1152 450 1218 sed
487 1152 585 1218 etiam
621 1151 664 1218 ad
702 1153 912 1220 concubinam
949 1152 1111 1239 pertinere
1146 1170 1263 1217 nemen

41 1256 202 1322 adulterii
230 1276 270 1321 ex
298 1257 444 1323 oratione
464 1256 692 1324 Demosthenis
712 1257 934 1323 Aristocratea
954 1278 977 1341 p
998 1256 1060 1321 637
1083 1254 1236 1321 efficitur:

87 1358 147 1425 ἐάν
167 1381 211 1436 τις
233 1358 401 1446 ἀποκτείνῃ
423 1359 482 1424 κτλ
514 1353 536 1444 ἢ
566 1359 615 1424 ἐπὶ
637 1358 770 1445 δάμαρτι
791 1359 813 1446 ἢ
836 1360 887 1424 ἐπὶ
908 1360 1001 1445 μητρὶ
1022 1356 1044 1442 ἦ
1067 1351 1114 1422 ἐπ’
1140 1355 1263 1443 ἀδελφῇ

86 1462 111 1548 ἢ
136 1464 187 1528 ἐπὶ
208 1462 342 1548 θυγατρὶ
363 1462 386 1548 ἢ
414 1462 464 1529 ἐπὶ
490 1461 642 1549 παλλακῇ
664 1461 703 1548 ἣν
725 1461 763 1530 οἲν
786 1460 838 1529 ἐπ’
863 1462 1042 1547 ἐλευθέροις
1062 1462 1166 1528 παισὶν
1187 1461 1262 1549 έχγ,

87 1564 207 1631 τούτων
229 1567 324 1632 ἕνεκα
345 1565 390 1652 μὴ
412 1564 538 1651 φεύγειν
559 1565 730 1633 κτείναντα.

40 1671 208 1736 Zaleucus
248 1668 278 1735 is
325 1670 380 1752 qui
428 1669 540 1736 Locris
583 1669 673 1753 leges
709 1669 829 1754 dabat,
871 1669 983 1737 cculcs
1018 1668 1088 1733 crui
1123 1666 1264 1733 moechis

39 1773 142 1839 iussit
152 1772 187 1856 ³).
231 1771 421 1839 Charondae
442 1779 575 1839 auctore
595 1770 738 1837 Diodoro
762 1771 850 1857 (XII,
868 1771 920 1857 12)
934 1778 1104 1855 utrumque
1125 1771 1265 1837 sontium
1347 1780 1350 1784 '

43 1876 175 1942 iniuriis
203 1876 292 1959 vulgi
319 1882 352 1942 et
380 1875 519 1942 ludibrio
548 1874 716 1942 concessit.
767 1876 954 1941 decumae
976 1875 1063 1940 etin
1085 1872 1209 1940 Pisidia
1231 1873 1265 1939 in

44 1979 150 2046 asinis
178 1978 318 2044 adulteri
345 1997 403 2064 per
430 1980 543 2044 urbem
570 1977 770 2044 vehebantur
779 1979 814 2063 ⁴).
858 1978 976 2064 Leprei
997 1977 1100 2043 virum
1122 1977 1265 2043 vinctum

43 2090 114 2149 tres
137 2081 208 2147 dies
229 2102 288 2167 per
308 2083 421 2149 urbem
449 2082 630 2167 rapiebant,
657 2102 730 2147 cum
751 2081 867 2147 mulier
888 2100 947 2165 per
968 2079 1117 2147 undecim
1139 2080 1173 2145 in
1194 2080 1264 2146 furo

44 2186 137 2252 nuda
158 2185 336 2268 sederet⁵):
359 2185 494 2252 infamia
515 2184 642 2267 utrique
664 2184 878 2269 irrogabatur.
923 2184 1068 2269 Germe
1088 2184 1122 2248 in
1144 2183 1264 2269 oppido

44 2290 175 2358 Cretico
197 2289 258 2354 viri
280 2289 383 2356 solum
405 2309 489 2373 quae
510 2288 607 2354 fuerit
627 2308 734 2373 pecua
755 2286 934 2372 traditurll.
978 2287 1104 2353 Tenedi
1125 2294 1159 2352 et
1185 2305 1262 2352 uxc-

45 2414 117 2459 rem
151 2399 183 2458 ct
215 2391 383 2458 moechum
415 2392 521 2458 securi
553 2390 778 2477 percutiebant
788 2390 823 2477 τ).
844 2428 889 2441 -
909 2390 1045 2457 Maritus
1065 2390 1100 2455 in
1128 2409 1264 2456 uxerem

44 2494 202 2584 perfidus,
223 2501 260 2561 ut
281 2516 380 2582 supra
404 2494 554 2580 diximus,
577 2493 665 2582 apud
687 2493 830 2562 Graecos
853 2494 933 2561 nihil
955 2493 1057 2561 dabat
1077 2512 1265 2579 poenarum.

46 2604 98 2667 Ac
131 2618 172 2665 ue
198 2599 261 2667 hoc
289 2600 419 2683 quidem
448 2604 585 2684 constat,
618 2618 694 2663 num
722 2618 762 2664 ex
792 2617 830 2664 cc
858 2598 1002 2664 facinere
1023 2597 1265 2664 licuerit'uxori

46 2702 221 2769 divortium
253 2702 371 2786 facere,
411 2721 606 2785 quamquam
638 2701 724 2767 iusta
756 2722 856 2769 causa
883 2699 1065 2785 videbatur,
1097 2700 1126 2766 si
1153 2705 1266 2766 contra

45 2812 198 2872 naturam
219 2805 276 2871 ille
297 2803 486 2872 libidinibus
507 2803 699 2890 indulgebat
710 2804 743 2888 ⁸).

146 3032 180 3104 2.
217 3028 282 3102 De
309 3026 415 3102 dote
443 3040 486 3104 et
512 3028 566 3104 de
592 3029 730 3104 bonis
749 3029 921 3103 'uxoris
947 3028 1165 3129 propriis.
1207 3025 1218 3052 ⁸

134 3183 286 3249 Primitus
308 3203 381 3249 cum
403 3189 496 3269 pater
516 3182 655 3269 pretium
677 3202 736 3268 pro
757 3183 826 3250 fida
841 3205 862 3250 a
876 3203 994 3267 genero
1010 3189 1178 3268 acceptum
1193 3182 1263 3268 ipse

51 3288 217 3372 retineret,
238 3287 410 3372 paullatim
431 3287 514 3355 haec
535 3287 673 3373 pecunia
694 3307 799 3354 novae
820 3293 941 3374 nuptae
962 3285 1056 3353 reddi
1078 3292 1195 3372 coepta
1215 3293 1265 3352 cst

138 3563 158 3634 ¹)
194 3562 392 3634 Wachsmutb‚
426 3564 525 3619 Hellen
554 3564 649 3620 Altcrt
678 3569 693 3629 ξ
724 3563 790 3634 103,
819 3563 861 3618 20.
896 3561 1074 3631 Darembcrg
1101 3562 1126 3615 dr
1155 3559 1265 3631 sagda,

49 3653 117 3707 Dm
134 3650 267 3808 έλὸέέυιέ,
285 3738 346 3810 Lyc
365 3739 406 3793 15.
423 3739 498 3808 Xan,
515 3739 593 3808 Resp
611 3739 670 3794 Lac
690 3741 713 3794 1.

140 3825 161 3896 ³)
195 3825 248 3880 Val
265 3825 330 3880 Max
347 3825 396 3895 VI,
415 3826 439 3879 5.
473 3824 529 3880 Ael
546 3825 600 3882 VH
617 3825 694 3896 XIII,
712 3826 756 3881 24.
791 3824 925 3898 Lycophr
943 3824 1015 3880 Cass
1032 3824 1092 3879 421.

136 3912 158 3979 ⁴)
194 3909 530 3980 saeculoruma.
565 3912 631 3968 Plut
648 3912 691 3979 Qu
709 3912 750 3969 Gr
768 3914 794 3967 2.
828 3911 943 3984 Hesycb
958 3907 1153 3978 Ὀνοβὸοτυδες.

137 3999 157 4068 ⁶)
192 3998 297 4055 Heracl
314 3999 389 4054 Pont
405 3998 482 4056 XIV.

139 4086 160 4155 ο)
195 4084 250 4141 Ael
267 4085 320 4143 VH
337 4085 402 4156 XII,
421 4085 468 4156 123
496 4086 574 4156 XIH,
591 4085 634 4142 24,
671 4085 759 4157 Steph
777 4088 839 4159 Byu
857 4090 977 4151 Τένεδος.
1009 4085 1168 4154 Dicgeuiau
1186 4086 1266 4140 Prcv

51 4173 251 4331 VIII’⁷38'Lys
269 4258 406 4315 Eratosth
423 4259 457 4314 34
475 4261 500 4314 dr
518 4259 560 4316 50.
595 4260 659 4318 Xen
675 4261 744 4317 Hier
761 4262 812 4330 111,
830 4261 856 4316 3.
892 4259 964 4319 Stob
983 4259 1062 4316 Serm
1079 4258 1128 4327 VI,
1145 4257 1188 4314 25.

138 4346 158 4414 ⁸)
192 4346 269 4415 Diog
285 4346 372 4402 Laert
390 4347 438 4415 IV,
459 4347 498 4400 17.
