3050 5025
72 511 120 577 cis
143 532 203 577 nec
225 511 258 576 in
280 511 442 579 Boeotieis
463 511 726 597 inscriptionibus
748 510 1004 586 συνευδοκοῦντος
1024 508 1075 573 illi
1096 507 1216 575 diserte
1237 508 1290 573 he·

72 614 170 680 redes
193 615 414 700 appellantur:
448 613 483 679 id
505 614 591 697 quod
620 613 720 679 semel
747 613 795 697 fit,
827 614 861 678 iu
888 612 982 678 titulo
1004 611 1119 679 ludaei
1140 611 1288 678 Pantica-

71 718 224 802 paeensis
246 738 330 784 anno
352 718 400 802 pC
421 718 571 782 LXXXI.
595 723 729 782 exarato
743 715 782 799 ¹):

115 813 245 906 ἀφείημι
276 820 336 885 κτλ
374 814 582 905 ἀνεπίληπτον
609 821 663 883 καὶ
691 816 947 904 ἀπαρενόχλητον
973 811 1035 883 ἀπὸ
1067 815 1181 895 παντὸς
1211 816 1290 902 κλη-

117 921 248 1010 ρονόμου
260 923 318 987 κτλ
335 922 611 990 συνεπινευσάνπων
629 924 665 987 δὲ
682 924 736 985 καὶ
747 923 807 987 τῶν
818 919 1021 1007 κληρονόμων
1034 942 1093 1007 μου
1101 920 1292 1005 Ἰφικλείδοο

1 1046 2 1051 ’
116 1029 172 1089 καὶ
187 1020 419 1105 Ἑλικωνιάδος.

70 1130 115 1193 ldt
143 1150 216 1195 cum
243 1130 295 1195 hic
323 1129 479 1195 heredum
507 1147 691 1213 consensus,
725 1147 788 1210 quo
815 1124 1025 1213 provideatur
1050 1127 1177 1211 liberto,
1211 1127 1292 1192 nihil

71 1232 148 1297 miri
170 1233 300 1318 habeat,
337 1232 473 1317 Delphis
505 1252 570 1298 non
603 1230 698 1297 modo
731 1250 791 1315 per
824 1230 1005 1314 complures
1034 1234 1143 1313 testes,
1180 1249 1293 1295 verum

73 1335 175 1401 etiam
207 1354 265 1420 per
296 1336 386 1420 ipsos
420 1335 633 1422 βεβαιωτῆρας
666 1334 828 1417 legitimos
861 1333 958 1398 rebus
990 1332 1078 1397 illius
1112 1332 1192 1398 satis
1220 1353 1293 1418 pro

73 1444 223 1523 spectum
245 1444 304 1505 est.
348 1439 432 1505 Dein
456 1437 497 1503 de
520 1438 623 1503 titulis
638 1436 805 1521 Delphicis
820 1436 994 1520 quaeritur,
1016 1455 1093 1500 num
1114 1434 1159 1501 ad
1181 1455 1293 1501 omnes

74 1540 191 1607 eodem
220 1548 364 1626 tempore
392 1541 652 1617 συνευδοκοῦντος
678 1539 789 1605 veniat
815 1538 988 1604 hereditas.
1033 1540 1134 1606 Oaute
1160 1538 1291 1622 quidem

74 1644 330 1710 verbaFoucart
344 1644 425 1710 haec
441 1644 535 1709 facit:
581 1642 652 1728 „On
675 1641 817 1708 descend
839 1642 928 1709 aussi
945 1643 1075 1726 jusqu’a
1095 1643 1129 1708 la
1151 1643 1292 1709 seconde

70 1747 279 1831 generation3
313 1748 396 1814 ainsi
421 1767 484 1812 une
509 1747 623 1812 femme
645 1749 755 1831 ajoute
778 1750 800 1812 a
821 1746 840 1809 l’
864 1746 1080 1831 approbation
1101 1744 1144 1810 de
1165 1765 1203 1810 sa
1224 1744 1291 1812 fille

75 1856 111 1915 et
133 1849 175 1915 de
197 1870 256 1915 son
277 1849 329 1915 fils
352 1850 433 1916 celle
448 1850 492 1916 dn
507 1850 559 1915 fils
574 1848 616 1915 de
630 1870 667 1915 sa
682 1848 801 1932 fillc²);
823 1869 886 1914 une
908 1855 1000 1914 autre
1022 1848 1105 1914 celle
1126 1849 1184 1914 des
1206 1847 1292 1916 deux

70 1953 126 2019 fils
149 1952 191 2017 de
213 1973 250 2019 sa
272 1951 338 2018 fille
351 1952 384 2031 ³).
424 1953 474 2019 On
496 1958 640 2018 remonte
662 1953 766 2017 meme
788 1972 853 2018 aux
868 1950 1095 2018 ascendants.“
1116 1952 1185 2018 Nec
1207 1953 1292 2017 enim

73 2055 253 2122 contendes
274 2077 338 2123 non
361 2057 464 2122 solum
485 2056 587 2122 filiam
609 2061 739 2138 tresque
760 2054 855 2138 filios,
878 2054 936 2120 sed
959 2056 1058 2121 etiam
1077 2055 1171 2120 unius
1187 2073 1226 2119 ex
1242 2054 1292 2120 his

72 2159 177 2225 filium
199 2160 272 2245 pari
293 2159 363 2224 iure
386 2160 491 2238 esse⁴)
514 2166 570 2225 aut
591 2158 693 2223 filIam
716 2163 748 2222 et
770 2157 919 2221 maritum
949 2157 1018 2222 eius
1044 2164 1076 2222 et
1098 2157 1196 2224 aliam
1219 2177 1292 2223 cum

72 2264 142 2329 suis
163 2262 239 2329 filiis
261 2263 428 2328 mulierem
440 2263 474 2348 ⁵).
518 2264 639 2326 Verum
661 2261 689 2326 si
711 2259 760 2326 hIs
783 2259 864 2325 locis
886 2258 1037 2325 heredem
1060 2261 1198 2326 alterum
1220 2280 1292 2326 esse

76 2387 181 2450 negas
203 2367 265 2432 ulsi
287 2373 361 2451 post
388 2371 521 2431 mortem
549 2364 699 2431 alterius:
734 2383 790 2429 cur
818 2384 882 2428 non
911 2369 978 2427 tnm
1006 2362 1134 2428 demum
1162 2363 1292 2429 filiabus

77 2470 247 2554 obtingere
263 2469 429 2535 existImas
445 2468 667 2554 hereditatem,
683 2468 711 2534 si
725 2466 838 2533 liberis
859 2486 924 2534 non
939 2465 1060 2533 relictIs
1075 2466 1133 2532 filii
1148 2465 1291 2533 defuncti

72 2575 162 2640 sint?
195 2574 246 2638 lta
274 2579 382 2639 autem
410 2573 507 2639 etiam
536 2574 636 2639 multo
659 2573 764 2638 minus
786 2591 898 2637 earnm
919 2591 1000 2656 opus
1023 2590 1095 2636 esse
1117 2589 1292 2635 consensus

73 2676 213 2742 videtur.
256 2676 332 2742 Noli
365 2694 528 2761 opponere
559 2674 670 2760 filiam,
704 2695 789 2758 quae
817 2681 892 2739 ante
920 2673 1019 2738 filium
1048 2672 1209 2738 interdum
1237 2693 1293 2738 no-

74 2779 215 2844 minetur
227 2777 269 2865 Β),
302 2779 390 2844 nullo
419 2785 516 2863 paeto
544 2779 729 2863 posthunc
757 2777 909 2863 possein
932 2775 1143 2842 hereditatem
1165 2776 1291 2842 vocari:

75 3024 167 3075 testes
193 3019 354 3074 nominatos
372 3017 558 3072 inveniamus.
588 3017 612 3070 Ε
635 3018 733 3073 verbis
756 3022 851 3073 autem
868 3018 940 3070 κατὰ
961 3017 1007 3070 τὸν
1028 3016 1107 3084 νόμον
1128 3019 1178 3081 τοῖς
1199 3016 1293 3080 πόλιος

75 3108 122 3178 (W
151 3107 175 3160 dr
201 3107 224 3160 F
250 3106 297 3160 39:
326 3101 442 3158 ἀπέδοτο
467 3103 485 3173 ἡ
514 3109 587 3157 δεῖνα
609 3107 646 3172 τῷ
664 3102 807 3178 Ἀπόλλωνι
829 3107 866 3171 τῷ
888 3106 978 3172 Πυθίῳ
1001 3107 1078 3171 σῶμα
1100 3111 1249 3171 γυναικεῖον
1267 3103 1293 3170 ,ᾇ

75 3194 162 3262 ὄνομα
180 3197 273 3257 necue
287 3196 506 3256 ουνευδοκέοντος
523 3195 633 3245 καὶτοῦ
653 3195 710 3244 υἱοῦ
728 3191 878 3259 Νικάνορος
895 3190 968 3243 κοιτά
985 3191 1030 3242 τὸν
1047 3191 1127 3259 νόμον
1138 3193 1187 3255 τοῖς
1198 3191 1292 3255 πόλιος

76 3285 156 3350 τιμᾶς
174 3277 301 3349 ἀργυρίου
321 3283 386 3347 μνᾶν
404 3282 489 3348 τριῶν.
508 3277 553 3334 cfr
572 3280 623 3334 140
641 3284 670 3333 et
690 3279 750 3346 143)
769 3278 805 3332 de
824 3291 966 3331 consensu
978 3276 1046 3331 nihil
1057 3269 1194 3332 efficitur:
1206 3278 1291 3333 immo

75 3385 148 3424 vero
176 3367 356 3423 manumissio
380 3367 444 3436 ipsa
467 3367 620 3421 secuudum
643 3366 721 3435 leges
745 3363 825 3419 faeta
847 3364 959 3433 dicitur,
983 3369 1015 3418 ut
1035 3364 1064 3417 in
1081 3364 1107 3419 N
1124 3365 1175 3418 432
1194 3368 1239 3420 est
1256 3366 1292 3421 de

76 3455 296 3512 manumissione
322 3452 464 3524 Physcide
492 3454 605 3523 quidem
632 3451 710 3508 facta
732 3451 907 3520 Delphisque
931 3451 1107 3520 conscripta:
1138 3454 1166 3504 ἐν
1192 3453 1292 3522 ἐννόμῳ

76 3547 209 3611 ἐκκλησίᾳ
226 3537 353 3610 ἀνέθηκε.
382 3541 466 3596 Haud
485 3540 542 3596 levi
560 3545 726 3610 argumento
751 3544 819 3593 utor
836 3538 934 3594 verbis
951 3540 1026 3593 tituli
1043 3539 1170 3593 Lamiani
1181 3539 1294 3608 (Mitteil

77 3630 195 3686 architol
213 3631 274 3684 Inst
293 3627 367 3698 1883,
385 3645 404 3698 p
431 3629 499 3699 131),
521 3629 570 3684 ubi
594 3628 689 3697 priore
707 3628 773 3681 loco
792 3626 924 3695 legimus:
942 3624 960 3693 ἡ
980 3630 1053 3678 δεῖνα
1069 3623 1087 3693 ἠ
1107 3621 1294 3694 ἀπελευθερω-

76 3722 156 3772 θεῖοα
173 3714 224 3770 ὑπὸ
242 3715 291 3784 τῆς
314 3719 398 3778 δεῖνος
422 3715 640 3769 ουνεποκνοάντων
663 3718 715 3768 τῶν
737 3718 810 3767 δεῖνα
832 3713 905 3765 κατὰ
922 3712 967 3765 τὸν
985 3712 1073 3779 νόμον,
1091 3718 1165 3767 tum:
1183 3712 1198 3765 ὁ
1218 3717 1291 3766 δεῖνα

77 3805 92 3858 ὃ
112 3802 344 3870 ἀπελευθερωθείς
362 3799 412 3854 ὑπὸ
430 3803 478 3854 τοῦ
497 3806 581 3867 δεῖνος
598 3804 669 3856 κατὰ
688 3803 732 3856 τὸν
750 3802 839 3869 νόμον.

166 3891 186 3961 1)
222 3890 258 3946 CI
275 3889 301 3941 Il
319 3889 428 3959 2114&
447 3913 479 3933 =
498 3888 606 3958 Antiqu
624 3892 662 3946 du
678 3889 777 3959 Bosph
796 3888 884 3944 Olmm
901 3887 989 3944 XXII.

164 3978 187 4046 ²)
222 3977 259 4032 W
278 3976 302 4029 dr
320 3975 342 4029 F
361 3976 411 4046 213
431 3974 559 4047 Curtius,
577 3975 678 4032 Aneod
694 3976 787 4047 Delph
808 3980 849 4031 11.

167 4065 187 4134 ³)
222 4065 259 4119 W
277 4064 302 4117 dr
318 4063 341 4116 Ρ
360 4062 419 4118 249.

164 4151 188 4221 ⁴)
224 4151 338 4207 Curtius
359 4154 405 4205 ll:
424 4151 515 4222 Polya
533 4151 673 4221 quaedam
691 4151 870 4206 manumittit

169 4238 190 4307 ὁ)
227 4238 419 4309 01117092.

166 4325 188 4397 θ)
226 4327 259 4382 W
278 4327 302 4380 dr
320 4327 341 4380 F
361 4327 423 4394 3525
443 4326 490 4396 213
509 4324 625 4380 Curtius
646 4327 686 4379 ll.
