3050 5025
843 335 884 400 52

758 428 960 436 m..—

539 615 614 697 IV.
669 613 732 694 lle
758 610 860 693 iure
886 610 1178 722 hereditario.

525 768 561 837 A.
611 766 655 837 llo
681 765 871 837 testamenti
901 764 1046 836 laetiore
1073 767 1193 836 aetius.

342 906 438 991 Apud
461 908 623 973 Romanos
645 907 736 972 nulla
759 911 809 971 est
824 904 951 970 mulieri
972 905 1072 971 faotio
1093 906 1289 990 testamenti,
1311 912 1347 972 ut
1361 908 1481 991 agnati

255 1030 295 1075 ne
318 1010 482 1094 priventur
504 1009 701 1075 hereditate:
736 1030 776 1075 ao
798 1028 839 1073 ne
867 1008 966 1074 tutori
998 1008 1127 1091 quidem
1160 1009 1237 1075 lioet
1269 1010 1480 1095 interponere

255 1112 490 1197 auctoritatem,
524 1113 615 1178 ouius
647 1111 708 1178 hoe
740 1112 845 1198 ipsum
880 1112 922 1177 sit
955 1131 1081 1196 pavere,
1113 1132 1155 1176 ne
1189 1111 1266 1195 quid
1289 1111 1480 1179 detrimenti

255 1216 386 1301 capiant
407 1216 543 1299 legitimi
562 1214 710 1280 heredes.
755 1215 806 1279 Ea
827 1213 1063 1299 tautummodo,
1085 1234 1169 1298 quae
1192 1215 1308 1301 eapitis
1331 1214 1479 1282 deminu-

254 1319 374 1384 tionem
397 1319 532 1403 aeoepit,
569 1319 741 1384 factionem
775 1317 875 1383 habet
907 1319 1091 1383 testamenti
1121 1324 1296 1403 propterea
1317 1320 1404 1403 quod
1428 1320 1479 1386 ita

254 1421 419 1487 hereditas
448 1428 639 1504 agnatorum
667 1423 798 1487 sublata
824 1420 952 1487 videtur
965 1422 985 1502 ¹)
1050 1420 1257 1486 Atheniensis
1284 1421 1406 1489 femina
1432 1424 1477 1488 ah

254 1525 402 1591 omnihus
424 1531 561 1608 negatur
583 1524 757 1591 factionem
779 1524 965 1589 testamenti
986 1523 1117 1607 habere,
1141 1522 1218 1589 oum'
1235 1524 1323 1609 apud
1343 1525 1477 1591 Isaeum

253 1627 335 1693 haee
357 1629 457 1693 verba
480 1634 608 1695 exstent
630 1627 688 1713 (X,
704 1628 771 1705 10):
793 1626 902 1705 παιδὸς
923 1625 985 1712 γὰρ
1008 1619 1068 1691 οὐκ
1089 1626 1186 1706 ἔξεστι
1208 1625 1369 1713 διαθηκην
1390 1629 1477 1713 γενέ-

256 1731 341 1795 σθαι·
364 1723 382 1793 ὃ
404 1731 466 1815 γοίρ
487 1729 579 1817 νόμος
612 1729 785 1816 διαρρήδην
817 1728 932 1794 κωλύει
963 1731 1050 1794 παιδί
1082 1730 1125 1817 μη
1155 1729 1265 1808 ἐξεῖναι
1286 1728 1477 1818 συμβάλλειν

256 1834 337 1919 μηδὲ
357 1836 480 1919 γυναικί
500 1834 582 1918 πίρα
605 1834 750 1920 μεδίμνου
778 1834 907 1919 κριθῶν.
953 1832 1118 1916 Obligatio
1141 1852 1213 1899 esse
1245 1840 1476 1901 testamentum

254 1936 375 2001 oratori
406 1935 543 2002 videtur.
604 1938 725 2003 Jannet
763 1956 846 2002 unus
858 1935 881 2020 ²)
920 1939 954 2000 in
997 1935 1191 2002 eontrarium
1234 1944 1361 2021 partem
1404 1939 1475 2004 ahit

216 2123 218 2127 ι
255 2037 503 2104 Demosthenioo
537 2039 608 2104 loeo
641 2058 718 2105 usus
753 2038 920 2122 (XXXVI,
945 2038 1013 2120 14);
1047 2035 1082 2102 δν
1108 2039 1165 2123 μὲν
1193 2039 1292 2104 τοίνυν
1313 2038 1472 2126 χρόνονή

256 2139 359 2227 μήτηρ
382 2142 437 2225 ἔζη
460 2139 482 2226 η
504 2139 605 2206 πάντα
626 2138 710 2207 ταῦτ’
734 2137 870 2228 ἀκριβῶς
904 2142 1011 2223 εἰδυῖα,
1045 2138 1134 2207 οὐδὲν
1167 2141 1314 2229 ἔγκλημα
1346 2141 1476 2209 πώποτε

256 2242 426 2327 ἐποιήσατο
448 2242 525 2329 πρὸς
546 2246 665 2310 τουτονί
688 2244 858 2330 Φορμίωνα
874 2236 1118 2328 Ἀπολλόδωρος·
1148 2236 1189 2321 ὥς
1217 2240 1247 2308 δ’
1274 2243 1476 2331 ἐτελεύτησεν

256 2347 370 2431 ἐκείνη,
398 2346 566 2432 τρισχιλίας
599 2347 775 2433 ἐγκαλέσας
808 2340 955 2433 ἀργυρίου
989 2346 1134 2432 δραχμὰς
1165 2345 1242 2431 πρὸς
1275 2347 1322 2425 αίς
1355 2348 1474 2415 ἔδωκεν

256 2451 359 2536 ἐκείνη
393 2450 554 2536 δισχιλίαις
586 2460 647 2530 τοῖς
680 2450 790 2517 τούτου
822 2451 969 2534 παιδίοις,
1007 2452 1063 2515 καί
1100 2450 1282 2538 χιτωνίσκον
1319 2451 1386 2518 τινὰ
1417 2455 1475 2517 καί

253 2552 457 2638 θεράπαιναν,
481 2554 692 2641 ἐσυκοφάντει.
743 2553 814 2632 Quo
843 2555 915 2622 loeo
948 2573 1020 2620 oum
1043 2553 1251 2639 Oaillemer³)
1274 2553 1474 2640 Arohippam

255 2657 356 2722 faeiat
377 2663 549 2742 petentem,
577 2664 613 2722 ut
635 2657 774 2724 heredes
801 2658 912 2724 liberis
934 2655 1125 2742 Apollodori
1153 2656 1217 2723 duo
1247 2657 1338 2722 milia
1359 2657 1474 2724 drauh-

255 2779 379 2825 marum
403 2757 523 2824 donent
545 2779 563 2824 e
585 2779 620 2823 re
642 2760 810 2827 familiari:
840 2759 1004 2841 Sohulin⁴)
1026 2759 1212 2824 Darestium
1234 2759 1473 2843 quodammodo

255 2867 385 2928 secutus
397 2862 419 2943 ⁶)
441 2863 542 2928 verba
564 2870 627 2939 τοῖς
646 2861 756 2928 τούτου
777 2863 908 2941 παιδίοις
930 2861 973 2927 ad
996 2862 1116 2928 liberos
1138 2861 1340 2929 Phormionis
1367 2864 1473 2932 minus
1517 2910 1518 2915 ι

254 2971 342 3030 πτοία
363 2964 471 3049 refert,
495 2985 592 3048 quam
613 2955 697 3031 inter
718 2967 809 3031 vivos
825 2964 1030 3031 donationem
1053 2963 1166 3031 statuit
1180 2963 1289 3031 fuisse.
1312 2965 1470 3050 Legatum

255 3067 353 3134 serihi
364 3067 556 3135 Thalheimo
567 3067 704 3152 videtur,
717 3067 803 3151 quod
815 3067 944 3151 quidem
957 3069 998 3134 ab
1011 3067 1142 3134 arbitris
1152 3088 1217 3134 non
1229 3067 1473 3156 confirmetur⁶).

255 3170 368 3235 Restat
379 3175 415 3235 ut
425 3169 567 3236 Bunseni
581 3170 782 3255 proferamus
797 3170 991 3236 sententiam
1006 3170 1070 3253 qui,
1085 3190 1157 3236 eum
1173 3169 1272 3236 factio
1288 3175 1472 3237 testamenti

255 3272 345 3339 nulla
361 3272 403 3338 sit
418 3273 613 3357 muneribus,
637 3273 779 3358 legatum
791 3272 933 3338 seribere
947 3272 988 3337 iis
1003 3273 1101 3338 liuere
1116 3293 1158 3338 ex
1172 3272 1233 3339 hoe
1245 3273 1470 3342 Demosthenis

255 3375 327 3442 looo
351 3374 459 3441 efficit.

338 3476 505 3544 Muliebris
526 3478 649 3543 tutelae
682 3482 832 3562 quoniam
866 3478 954 3564 apud
976 3477 1119 3544 Graecos
1150 3499 1215 3544 non
1237 3478 1353 3545 eadem
1374 3484 1470 3562 atque

255 3580 342 3667 apud
365 3582 526 3647 Romanos
549 3586 664 3645 natura
687 3587 746 3665 est,
768 3581 856 3646 haud
870 3581 945 3646 ideo
967 3580 1095 3646 feminis
1111 3580 1361 3648 Atheniensibus
1380 3584 1470 3650 nulla

344 3820 364 3890 ι)
400 3818 472 3874 Gide
490 3834 508 3887 p
529 3818 587 3874 121.

342 3907 364 3976 ¹)
399 3906 488 3976 pl36
506 3906 595 3961 adnot
617 3908 638 3960 l.

344 3995 364 4063 ³)
399 3993 439 4048 Le
458 3992 535 4048 droit
553 3994 589 4048 de
607 3997 698 4048 tester
717 3995 734 4048 a
756 3992 899 4048 Athenas:
935 3991 1083 4050 Annuaire
1099 4010 1174 4063 pour
1191 3994 1316 4049 l’euoour
1333 3994 1384 4050 des
1402 3997 1466 4051 etad

256 4079 665 4239 grecqgflsslgffgffirpegffhn
683 4168 764 4238 vorgl
782 4168 832 4224 mit
850 4169 869 4223 d
886 4173 947 4224 rttm
964 4185 983 4238 p
1006 4171 1044 4224 ll.

344 4255 366 4324 δ)
401 4255 457 4310 Les
475 4255 552 4325 plaid
571 4256 618 4310 οἰκ
635 4256 670 4310 de
688 4254 826 4310 Demosth
844 4256 879 4325 ΙΙ,
902 4255 957 4309 167.

346 4342 366 4414 ⁸)
401 4341 509 4414 Antiqu
528 4340 610 4414 torp
629 4342 663 4397 62
681 4341 812 4398 adnot2
