3050 5025
242 518 317 562 nam
334 497 412 562 etin
427 496 511 565 N96
527 497 769 563 manumissoris
792 504 894 564 mater
915 502 989 582 post
1011 503 1145 563 matrem
1166 497 1269 582 patris
1291 495 1463 563 nominata

243 600 330 665 etin
353 602 457 685 0111,
483 600 593 688 17092
619 607 694 666 ante
725 600 826 666 liliam
847 601 1007 666 invenitur
1029 601 1096 666 alia
1118 601 1242 684 mulier,
1277 621 1316 666 ex
1339 602 1461 683 quihus

241 706 338 769 rebus
361 705 514 789 colligere
537 706 616 769 nihil
638 706 745 770 liceat.
790 705 937 787 Denique
970 703 1057 788 quod
1085 704 1256 770 Thalheim
1288 704 1321 767 in
1355 704 1462 768 titulis

241 807 408 891 Delphicis
429 807 585 874 heredum
608 808 855 893 astipulatorem
877 807 1006 873 nomine
1021 808 1120 873 etiam
1135 806 1348 873 ascendentes
1363 808 1461 873 nobis

242 929 418 995 occurrere,
441 932 599 995 nusquam
621 919 731 977 tamen
753 932 818 977 una
841 932 913 977 cum
936 909 1206 976 descendentibus
1229 910 1309 976 dicit
1322 910 1359 995 1);
1395 910 1460 975 hcc

241 1015 478 1081 meminerimus
507 1023 637 1081 auctore
665 1016 721 1080 illo
750 1016 822 1100 ipso
850 1016 884 1079 in
911 1014 1067 1081 sescentis
1094 1014 1162 1080 fere
1194 1014 1461 1097 inscriptionibus

242 1118 342 1182 semel
365 1118 496 1184 fratrem
520 1139 726 1202 sororemque
741 1118 842 1183 semel
856 1118 991 1202 reperiri
1004 1117 1037 1201 ²).
1082 1118 1126 1184 Ut
1140 1117 1248 1183 omnia
1264 1117 1461 1201 complecta·

241 1241 321 1304 mur,
355 1241 427 1287 cum
456 1221 497 1287 de
524 1222 680 1287 heredum
709 1241 867 1287 consensu
897 1222 929 1284 in
962 1221 1063 1286 titulis
1090 1220 1257 1304 Delphicis
1289 1220 1344 1303 agi
1376 1220 1460 1284 nihil

242 1329 376 1408 constet,
409 1344 450 1389 ne
471 1325 504 1389 id
528 1324 657 1409 quidem
679 1324 836 1390 habemus
860 1324 1062 1408 exploratum
1087 1322 1189 1388 filiam
1210 1323 1244 1387 in
1265 1323 1331 1388 illis
1353 1323 1461 1406 regio·

241 1426 336 1491 nibus
364 1446 436 1492 cum
464 1427 530 1493 filio
557 1447 623 1494 una
649 1426 802 1493 heredem
836 1446 917 1493 esse.
950 1464 993 1475 -
1012 1428 1185 1511 ¹Respecto
1217 1426 1327 1509 glossa
1355 1426 1460 1511 Hesy-

242 1529 374 1595 chiana:

247 1622 249 1627 ¹
285 1633 518 1697 succederetur·
542 1634 780 1718 συγκοινωνοῦσι

241 1736 303 1802 hoc
330 1738 524 1803 vocabulum
552 1737 640 1820 quod
668 1738 767 1803 latius
793 1743 885 1823 patet
912 1738 959 1804 ita
991 1738 1205 1803 intellexerim
1238 1749 1273 1801 ut
1305 1735 1461 1800 advocari

244 1858 300 1905 eos
327 1839 472 1907 homines
502 1841 728 1907 manumissori
760 1840 999 1906 necessitudine
1032 1841 1157 1907 iunctos
1190 1839 1233 1906 ad
1266 1840 1461 1923 gravitatem

248 1944 464 2010 caerimoniae
486 1944 671 2029 augendam
692 1950 813 2029 putem,
837 1965 909 2010 oum
930 1944 1122 2029 praesertim
1148 1944 1233 2009 servi
1257 1941 1344 2027 apud
1360 1942 1463 2007 Grae·

245 2066 300 2111 cos
323 2046 500 2114 familiares
522 2047 704 2114 habeantur
715 2046 750 2133 ³).
795 2047 837 2111 Et
859 2047 914 2130 qui
938 2046 1088 2112 videntur
1115 2045 1366 2129 συνελευθεροῦν,
1396 2065 1462 2109 non

243 2149 402 2215 immerito
423 2150 464 2216 iis
486 2170 602 2216 nomen
625 2156 674 2216 est
696 2157 946 2228 συνεπαινοῦντες
968 2149 1037 2216 sive
1059 2150 1356 2233 ουνευαρεοτοῡντες.

327 2252 540 2337 Panticapaei
562 2253 631 2319 filia
653 2255 685 2317 in
708 2253 921 2319 hereditatem
944 2274 1009 2319 una
1028 2274 1098 2319 cum
1113 2253 1181 2319 filio
1195 2253 1306 2318 vocari
1320 2250 1458 2330 videtur,

243 2374 315 2419 curn
337 2355 369 2418 in
392 2356 485 2422 titulo
509 2378 572 2422 non
594 2356 727 2422 ludaico
750 2357 834 2422 haec
855 2357 965 2443 sint⁴):

288 2456 461 2545 Τειμόθεος
488 2459 700 2547 Νυμφαγόρου
729 2460 895 2546 Μακαρίου
923 2459 977 2528 ουν
1006 2454 1144 2546 ἀδελφῆς
1159 2459 1288 2538 Ἤλιδος
1314 2456 1460 2545 γυναικὸς

285 2560 390 2628 Νάνου
404 2562 595 2650 Βαλαμύρου
610 2562 694 2629 κατὰ
709 2559 807 2651 εὐχὴν
828 2563 944 2651 πατρὸς
965 2557 1054 2651 ἡμῶν
1068 2563 1280 2651 Νυμφαγόρου
1291 2563 1459 2647 Μακαρίου

286 2666 441 2751 ἀφείομεν.

244 2768 342 2854 Apud
375 2768 506 2854 Lycios,
542 2770 597 2852 qui
629 2770 772 2836 medium
808 2771 891 2837 inter
924 2771 1067 2837 Graecos
1104 2776 1216 2835 tenent
1255 2776 1287 2834 et
1318 2769 1458 2834 Eranios

243 2890 440 2954 quorumque
462 2871 587 2938 Graece
610 2875 804 2939 recentiores
827 2875 912 2939 tituli
933 2873 1104 2959 perscripti
1126 2872 1246 2957 cunti),
1280 2871 1457 2953 antiquitus

244 2973 278 3037 in
299 2975 396 3039 rebus
418 2974 487 3039 fere
511 2976 659 3043 omnibus
681 2977 821 3043 feminae
843 2997 950 3043 mares
972 2975 1168 3043 antecedunt
1179 2974 1214 3061 ⁶).
1257 2975 1458 3058 delegimus

244 3076 333 3161 apud
354 3077 525 3144 Nicolaum
546 3080 784 3146 Damascenum
797 3081 835 3162 ⁷):
858 3079 913 3158 τάς
927 3101 961 3144 τε
976 3079 1184 3165 κληρονομίας
1198 3087 1264 3154 ταῖς
1284 3076 1459 3162 θυγατράσι

245 3178 410 3271 λείπουσιν,
423 3173 460 3244 οὗ
471 3190 533 3258 τοῖς
545 3182 628 3260 υἱοῖς.
651 3184 749 3249 Cuius
760 3185 839 3249 iuris
851 3183 1064 3266 antiquissimi
1075 3181 1228 3265 reliquias
1239 3180 1404 3246 Bachofcn
1426 3181 1460 3245 in

243 3284 346 3349 titulis
369 3269 604 3369 sepulcralibus
626 3288 814 3372 posterioris
836 3286 989 3371 temporis
1012 3304 1188 3369 agnoscere
1206 3283 1334 3350 videtur
1354 3285 1396 3349 Ol
1411 3285 1458 3347 III

329 3527 350 3597 ¹)
386 3526 493 3596 Antiqu
512 3524 558 3581 ior
575 3543 594 3596 p
613 3527 647 3581 60
665 3529 753 3582 adnot
770 3528 795 3581 4.

328 3614 350 3683 ²)
386 3614 517 3669 Getarum
535 3615 564 3668 in
581 3615 606 3670 N
625 3616 672 3669 75:
686 3612 869 3682 Ἀριστόκλεια
883 3610 1081 3681 Ἀγαθοκλέους
1097 3618 1257 3668 Ναυπακτία
1274 3619 1457 3668 ουνευδοκέον-

241 3720 289 3765 τος
306 3705 353 3754 τοῦ
373 3704 430 3754 υἱοῦ
447 3705 621 3768 Στρατονίκου
639 3706 687 3755 καί
709 3699 776 3768 ὑπὲρ
795 3697 949 3769 Ἀγαθοκλῆ
972 3703 1019 3753 τοῦ
1042 3704 1099 3753 υἱοῦ
1122 3705 1225 3754 Ζωΐλου
1248 3702 1293 3757 hio
1315 3703 1458 3771 posterior

241 3788 417 3859 Agathocles
447 3794 496 3843 sut
522 3795 605 3858 pater
632 3794 681 3844 aut
705 3787 780 3844 filius
808 3805 881 3858 esse,
906 3805 974 3859 ergo
1000 3789 1097 3844 Zo'r'lns
1119 3794 1169 3843 aut
1192 3788 1283 3844 frater
1301 3794 1352 3845 aut
1368 3805 1456 3857 ncpor

242 3877 454 3932 manumissoris
473 3876 572 3932 haberi
590 3880 694 3946 potest.

329 3965 351 4030 8)
386 3965 453 4018 vide
471 3979 559 4033 snpra
576 3980 594 4033 p
613 3965 655 4018 43.

328 4052 351 4119 ⁴)
388 4050 581 4121 011121313
601 4074 629 4097 =
650 4050 758 4120 Antiqn
777 4052 815 4106 du
832 4050 930 4120 Bosph
949 4051 1036 4105 Cimm
1055 4051 1159 4104 XXlll.

330 4140 351 4207 ὁ)
387 4137 432 4193 cir
450 4137 633 4209 Savelsherg,
651 4140 711 4209 Lyc
730 4138 1012 4208 Sprachdenkmttler.

330 4226 352 4294 ⁶)
388 4225 431 4279 cfr
449 4225 627 4296 Her1‚173.

329 4313 351 4379 ἵ)
388 4312 496 4380 lliiller,
511 4313 612 4382 Fragm
632 4311 688 4367 hist
707 4312 746 4367 Gr
764 4314 812 4382 111,
831 4314 889 4367 461,
