3050 5025
651 275 670 336 3

50 485 105 544 tur
134 476 311 567 ἀνθοφόρος
336 484 391 545 aod
418 481 462 557 δὶς
490 478 625 565 ἀρχεῖτις
652 482 707 545 καὶ
728 487 892 567 τειμοῡχος
912 484 967 546 καὶ
989 483 1041 545 διὰ
1064 482 1130 568 βίου
1153 506 1264 569 στεφα-

51 580 192 667 νηφόρος
213 584 268 666 (cl
289 582 331 666 Π,
354 582 448 667 2162,
465 583 507 666 3),
530 582 701 648 Phocaeae
721 582 864 668 πρύτανις
891 583 1123 670 στεφανηφόρος
1145 587 1189 663 δὶς
1211 590 1266 650 καὶ

51 684 151 769 ἱέρεια
177 686 234 770 τῆς
259 685 445 763 Μασσαλίας
473 684 661 771 ἀγωνοθέτις
683 684 737 769 (01
758 686 801 770 Π,
824 686 919 769 3415,
941 685 983 770 4),
1006 688 1164 772 reperitur
1185 690 1264 754 Tra-

48 788 203 872 pezopoli
232 788 265 853 in
293 788 413 875 oppido
441 788 603 873 Phrygiae
630 788 750 853 femina
777 786 921 872 πρύτανις
948 791 1003 852 καὶ
1031 788 1264 875 στεφανηφόρος

50 888 180 973 (01111,
194 888 277 955 3953
290 891 311 955 (1
326 890 369 976 4),
384 888 710 976 πανηγυριαρχήσασα
725 889 940 975 11111111(ΟΙΠ,
952 889 1046 974 2653,
1058 889 1265 977 8),Ἀσιαρχι’ς

49 992 213 1073 Smyrnae
250 992 306 1078 (οΙ
336 993 379 1077 ΙΙ,
413 992 511 1057 3324:
544 992 577 1059 Μ
608 992 720 1080 Αὐρηλ
751 991 859 1079 Ζήνων
880 997 934 1057 καὶ
955 993 988 1057 Μ
1015 993 1066 1058 Κλ
1095 993 1261 1081 Ἰουλιανή,

45 1088 214 1180 Ἀσιαρχαι
242 1096 310 1181 δίς),
340 1096 497 1161 Sebastae
518 1096 552 1161 in
574 1094 694 1182 oppido
716 1096 879 1181 Phrygiae
900 1097 996 1183 ταμία
1018 1098 1073 1180 (01
1098 1098 1155 1182 III,
1178 1098 1260 1162 3871

47 1199 70 1263 b
94 1198 140 1284 4),
164 1198 302 1283 Spartae
324 1198 566 1285 θοιναρμόστρια
587 1202 641 1263 καὶ
664 1197 823 1284 ἀγορᾶχος
845 1200 947 1285 (011,
973 1200 1064 1285 1446,
1085 1200 1262 1283 2ο11451,

48 1299 87 1383 53
123 1299 171 1365 cfr
203 1300 274 1366 Mus
306 1302 397 1367 Rhen
424 1302 511 1386 XIV,
544 1304 607 1368 522
640 1301 761 1385 adnot).
789 1339 832 1350 -
859 1303 978 1368 Verum
1006 1324 1070 1368 non
1098 1309 1164 1368 tam
1192 1322 1264 1368 esse

50 1403 263 1485 magistratus
301 1403 451 1470 mulieres
483 1392 633 1471 videntur
665 1425 761 1487 quam
794 1406 923 1471 honoris
957 1426 1057 1471 cansa
1093 1406 1263 1490 appellari,

48 1506 135 1572 sicut
157 1507 258 1572 multo
279 1506 345 1573 iam
368 1514 443 1574 ante
459 1508 584 1574 coronis
605 1529 644 1573 ac
659 1510 774 1573 statuis
790 1507 1038 1592 honorabantur,
1054 1526 1263 1591 quaecunque

47 1609 191 1695 pecunia
217 1609 395 1676 liberaliter
422 1610 456 1673 in
483 1631 649 1677 commune
676 1610 754 1677 data
782 1610 824 1676 de
851 1632 887 1678 re
914 1612 1045 1698 publica
1067 1615 1150 1678 bene
1172 1618 1264 1677 erant

48 1712 196 1777 meritae.
242 1710 454 1779 confirmatur
482 1712 564 1779 haec
592 1713 750 1780 sententia
778 1714 871 1780 titulo
899 1715 1008 1781 Samio
1036 1714 1141 1799 (Ross,
1173 1716 1265 1779 Inscr

49 1813 97 1879 Gr
118 1814 162 1899 11,
187 1814 277 1899 193):

89 1931 133 1998 ‘0
157 1934 255 2020 δῆμος
277 1931 294 1998 ὁ
315 1934 444 2021 Μηλίων
471 1934 679 2023 Στιρτιβιονέαν
701 1936 883 2023 Φιλωτέραν
903 1937 960 2023 τὴν
982 1936 1094 2001 ἑαυτοῦ
1116 1934 1262 2020 πρόξενον

92 2039 149 2101 καὶ
171 2032 336 2123 εὐεργέτην
357 2037 415 2102 κτλ
437 2036 532 2115 θεοῖς.

47 2159 119 2225 Nec
151 2179 227 2225 vero
259 2160 329 2226 iuro
360 2162 441 2227 Ross
473 2160 661 2246 proxeniam
688 2164 782 2245 putat
810 2160 901 2225 illam
933 2179 1060 2245 semper
1087 2160 1122 2224 in
1147 2158 1262 2225 cadem

49 2261 178 2328 familia
199 2260 310 2328 liberis
339 2284 359 2329 a
386 2264 532 2349 patribus
554 2262 707 2330 traditam
726 2264 816 2327 velut
838 2263 971 2329 Athenis
992 2261 1263 2327 Lacedaemonio·

49 2385 121 2429 rum
129 2364 163 2450 ¹),
196 2364 243 2430 ita
274 2371 309 2430 ut
340 2364 427 2431 filiae
460 2385 587 2449 quoque
622 2366 781 2455 ἐπικλήρῳ
814 2375 924 2454 posset
957 2368 1138 2450 obtingere:
1165 2367 1262 2431 immo

51 2467 296 2534 Atheniensium
332 2488 402 2535 mos
437 2469 649 2560 proferendus
685 2477 743 2556 est,
780 2471 835 2555 qui
870 2471 1040 2562 plebiscito
1076 2468 1263 2556 peregrinos

50 2570 93 2635 de
123 2571 253 2637 civitate
281 2573 400 2658 optime
426 2573 557 2639 meritos
586 2574 798 2659 appellabant
819 2573 984 2659 προξένους
1005 2579 1038 2639 et
1060 2570 1262 2658 εὖεργέταςῖ).

49 2672 117 2738 Sed
154 2673 231 2756 quid
268 2674 310 2740 de
346 2674 514 2760 Cyrenaeo
549 2675 780 2742 iudicandum?
837 2677 913 2742 Iniit
947 2676 1006 2742 illa
1038 2677 1262 2760 magistratum

48 2776 184 2860 nullum,
213 2797 314 2859 quare
341 2778 469 2845 omnino
497 2777 577 2843 nihil
605 2779 684 2845 certi
706 2784 845 2845 constat:
875 2778 963 2845 cives
984 2778 1019 2843 id
1040 2778 1261 2844 tantummodo

48 2879 193 2965 petiisse,
215 2885 251 2944 ut
272 2879 477 2970 consiliorum
499 2888 612 2948 auctor
632 2882 732 2965 fieret,
755 2881 833 2946 mihi
858 2881 1054 2947 verisimile
1076 2887 1134 2947 est.
1171 2883 1261 2948 Oete-

48 3001 121 3047 rum
142 3001 184 3046 ne
205 2983 326 3047 Romae
348 2981 477 3066 quidem
498 3004 640 3066 unquam
662 2983 791 3068 accidit,
814 2989 849 3048 nt
870 2983 984 3049 mulier
1005 2983 1048 3050 ad
1070 3004 1138 3048 rem
1159 2985 1262 3070 publi-

47 3104 122 3150 cam
146 3083 325 3169 accederet,
342 3085 411 3170 ¹nisi
432 3085 607 3171 imperator
629 3086 887 3152 dementissimus
908 3086 1088 3152 Antoninus
1110 3087 1259 3170 Helioga-

49 3186 148 3253 balus
169 3187 203 3251 in
225 3192 372 3253 senatum
393 3188 501 3271 rogari
522 3195 660 3255 matrem
682 3209 780 3255 suam⁴
795 3188 902 3254 iussit:
925 3208 1008 3271 quae
1023 3209 1095 3254 cum
1110 3190 1261 3274 venisset,

48 3295 177 3356 vocata
201 3288 246 3356 ad
269 3291 438 3356 consulum
466 3292 622 3358 subsellia
649 3290 819 3358 scribendo
848 3290 962 3375 adfuit,
990 3290 1025 3355 id
1053 3279 1102 3357 est
1130 3299 1267 3359 senatus*

50 3391 190 3458 consulti
212 3391 402 3458 conficiendi
423 3392 531 3476 testis3
553 3393 640 3482 idem
661 3393 738 3459 fecit
758 3395 793 3458 in
815 3393 898 3459 colle
920 3392 1078 3470 Quirinali
1092 3395 1261 3460 mulierum

51 3499 200 3560 senatum
229 3495 353 3580 (Aelius
381 3495 586 3580 Lampridius
613 3495 657 3579 4).
707 3495 909 3586 Quamquam
936 3497 970 3561 in
991 3496 1071 3563 Asia
1093 3498 1260 3585 compluri-

51 3599 114 3662 bus
142 3598 281 3663 saeculis
308 3603 383 3663 ante
410 3598 523 3683 regina
550 3598 611 3664 suit
636 3599 971 3665 Halicarnassensium
992 3601 1166 3667 Artemisia
1188 3608 1261 3687 post

50 3699 160 3765 mariti
180 3706 325 3766 mortem.
743 3691 745 3696 ¹

111 3817 332 3885 ··Sacerdotiis
351 3821 511 3905 'praeesse
537 3820 688 3885 mullei-'es
716 3826 866 3905 possunt:
888 3821 950 3887 etsi
971 3839 1066 3887 sacra
1087 3820 1260 3907 disciplina

48 3922 208 4010 postulari
229 3923 321 4005 solet,
343 3928 379 3987 ut
400 3922 533 3989 deorum
554 3923 624 4006 viri,
639 3921 790 3988 mulieres
805 3929 912 3989 autem
928 3923 1058 3988 dearum
1073 3924 1259 3991 sacerdotes
1363 3948 1365 3953 ·

82 4225 83 4228 ι
134 4171 175 4248 '¹)'
194 4177 360 4249 Xenophon,
378 4178 442 4233 Hell
459 4178 494 4249 V,
511 4179 537 4248 4,
554 4177 589 4232 23
607 4181 636 4232 et
653 4178 701 4247 VI,
719 4179 735 4232 3
754 4180 778 4232 4.
853 4184 857 4190 ’

135 4265 159 4334 ²)
196 4265 221 4322 G
240 4265 357 4336 Gilbert,
375 4265 483 4337 Antiqu
500 4263 568 4335 publ
585 4264 607 4334 I,
627 4263 687 4321 173.
