3050 5025
664 299 705 361 29

66 503 135 589 ἔχῃ
159 503 219 567 κτλ
231 503 252 587 ¹)
280 502 408 570 videtur
435 504 520 571 effici
549 503 781 571 concubinatus
809 502 973 587 quoddam
1001 524 1103 589 genus
1123 505 1197 591 ipsa
1218 506 1291 589 lege

67 606 206 673 sanciri.
250 606 365 673 Adhuc
387 608 446 674 sub
475 606 582 673 iudice
607 607 649 673 lis
671 612 730 673 est.
774 605 840 673 Sed
867 613 1028 691 utcunque
1055 628 1107 675 rcs
1134 608 1291 674 sehabet

67 708 278 793 difficillima,
301 730 416 795 parum
442 712 617 796 putabatur
638 709 809 777 honestum
836 710 972 796 pelicem
1001 718 1131 797 practer
1159 731 1291 778 uxorem
1353 733 1357 744 ¹

66 810 243 897 haberc²).
276 850 318 861 -
350 814 430 879 Cum
462 813 694 897 antiquissimis
732 813 930 899 temporibus
963 820 1056 899 pater
1087 814 1189 880 filiam
1220 813 1290 881 viro

69 912 198 981 vendat
226 914 270 981 ad
302 916 469 983 arbitrium
503 924 590 983 certo
618 916 768 1003 pretio³),
801 936 842 983 nc
874 922 989 1003 postea
1010 916 1140 1000 quidem
1161 916 1291 983 filiabus

68 1022 188 1102 patres
209 1018 241 1083 in
266 1019 476 1087 conciliandis
491 1019 703 1088 matrimoniis
717 1019 907 1104 morigerari
921 1020 1084 1086 videntur:
1107 1020 1168 1087 hoe
1182 1026 1291 1085 tamen

69 1122 107 1185 in
144 1119 244 1187 dubio
276 1127 439 1206 versatur,
472 1142 547 1189 num
581 1122 612 1188 vi
645 1122 779 1189 invitam
811 1122 913 1189 filiam
945 1122 1082 1207 cogendi
1114 1122 1292 1205 legitimam

66 1228 271 1309 potestatem
292 1229 386 1310 pater
418 1223 575 1309 habuerit,
609 1225 670 1292 nisi
702 1226 786 1291 forte
818 1224 896 1309 quid
929 1245 969 1292 ex
998 1245 1036 1292 co
1065 1226 1142 1293 licet
1163 1225 1292 1292 efficere

68 1324 162 1410 quod
185 1325 374 1393 discedendi
396 1349 417 1393 a
439 1328 554 1396 marito
576 1328 627 1394 ius
648 1328 682 1394 in
696 1328 859 1395 nonnullis
881 1328 1066 1395 civitatibus
1088 1349 1168 1395 uxor
1182 1328 1291 1395 habet.

160 1428 241 1495 Post
261 1435 395 1496 mortem
418 1431 525 1497 mariti
546 1430 646 1497 vidua
666 1431 804 1497 Athenis
825 1430 869 1498 ad
890 1437 1029 1498 tutorem
1053 1431 1139 1498 redit
1159 1431 1220 1498 hoc
1242 1437 1292 1497 cst

69 1533 107 1599 in
133 1552 226 1600 suam
246 1533 349 1619 ipsius
371 1532 544 1599 familiam:
566 1532 722 1618 paudus
745 1540 778 1599 ct
798 1534 972 1601 liberorum
993 1533 1088 1599 matri
1103 1552 1293 1619 permanere

68 1636 153 1702 licet
180 1635 214 1701 in
242 1635 337 1703 domo
367 1636 475 1702 mariti
485 1636 520 1720 ⁴).
578 1636 674 1723 Apud
696 1636 992 1705 Lacccdaemcnios
1024 1656 1153 1720 qnoque
1182 1635 1293 1719 vidua,

71 1739 309 1824 posterioribus
332 1739 447 1805 saltem
468 1740 676 1825 temporibus,
699 1741 732 1805 in
754 1759 846 1806 suam
867 1740 1025 1807 familiam
1046 1739 1131 1807 redit
1143 1739 1177 1825 ⁵).

162 1842 302 1908 Divortii
323 1848 430 1909 autern
454 1841 596 1909 faciendi
618 1843 766 1929 primitus
788 1842 821 1908 in
843 1842 983 1909 Graecia
997 1846 1067 1909 sine
1083 1841 1182 1910 dubio
1203 1843 1292 1909 velut

69 1944 165 2031 apud
199 1944 335 2012 Iudaeos
368 1946 456 2012 solus
489 1947 622 2013 maritus
650 1951 844 2032 potestatem
870 1946 1028 2012 habebat:
1056 1944 1144 2010 idem
1170 1946 1293 2011 Romae

69 2048 254 2131 antiquitus
293 2049 392 2116 fuisse
424 2049 516 2117 testis
548 2048 741 2116 Plutarchus
757 2047 851 2133 estu.
894 2047 1057 2114 Paulatim
1078 2048 1181 2132 uxori,
1207 2067 1292 2131 quae

71 2150 306 2218 defenderetur
327 2152 484 2219 adversus
505 2152 627 2219 malum
649 2151 829 2237 coniugem,
851 2157 995 2238 potestas
1016 2150 1076 2217 illa
1089 2149 1159 2216 lieri
1174 2157 1290 2235 coepta

75 2261 139 2338 est,
172 2254 261 2321 velut
294 2255 336 2321 de
363 2254 554 2322 Charondae
580 2257 708 2340 legibus
736 2255 911 2322 memoriae
952 2254 1115 2321 Diodorus
1143 2253 1291 2340 prodit⁷)

73 2357 222 2443 δεύτερος
250 2360 285 2423 δὲ
307 2358 479 2444 διωρθώθη
502 2358 594 2446 νόμος
617 2358 634 2424 ὁ
657 2359 759 2436 διδους
781 2357 920 2437 ἐξουσίαν
941 2358 980 2443 τῇ
1002 2358 1124 2443 γυναικί
1145 2354 1291 2422 ἀπολύειν

69 2463 127 2530 τὸν
157 2460 254 2550 ἄνδρα
282 2465 337 2527 καί
365 2471 515 2531 συνοικεῖν
543 2462 568 2551 ql
596 2462 633 2532 άν
660 2460 819 2552 βούληται.
863 2461 999 2529 Athenis
1020 2460 1135 2528 marito
1162 2460 1291 2527 divortii

70 2586 193 2634 causas
215 2567 303 2652 apud
325 2567 512 2634 archontem
533 2566 730 2652 profitendae
759 2566 860 2632 fuisse
879 2585 1038 2648 nusquam
1060 2563 1208 2648 traditur,
1232 2564 1293 2630 etsi

71 2670 207 2758 publice
240 2670 346 2736 curari
379 2670 489 2754 aliquo
521 2670 617 2736 modo
650 2669 791 2736 divortia
823 2667 972 2735 uidentur
998 2687 1038 2733 ex
1066 2667 1139 2734 Poll
1166 2667 1225 2750 III,
1255 2667 1290 2731 7:

73 2771 179 2858 ὥςπερ
206 2771 290 2860 νόμῳ
319 2774 493 2840 συνίσταται
520 2771 629 2860 γάμος,
659 2771 740 2837 οὕτω
768 2773 824 2836 καί
845 2769 1011 2837 διαλύεται.
1055 2772 1103 2836 Ac
1124 2789 1166 2835 ne
1188 2769 1292 2836 levius

71 2895 194 2942 uxores
217 2875 473 2962 repudiarentur,
501 2877 635 2942 maritus
656 2882 713 2942 aut
734 2875 872 2941 reddere
895 2873 1003 2940 dotem
1025 2880 1082 2940 aut
1095 2873 1207 2940 XVIII
1222 2873 1291 2939 eius

70 2981 108 3045 in
139 2978 283 3063 singulos
312 3000 412 3045 annos
435 2981 627 3047 centesimas
658 2981 785 3046 solvere
809 2984 1044 3064 praetereaque
1069 2996 1129 3044 sua
1153 2976 1292 3062 pecunia

73 3088 225 3148 exactam
254 3083 343 3148 alere
371 3082 513 3149 debebat
524 3082 557 3167 ⁸).
607 3083 709 3148 Uxori
728 3101 856 3165 quoque
884 3080 1053 3146 discedere
1079 3079 1155 3146 licet
1182 3101 1204 3146 a
1225 3099 1291 3144 ma·

164 3272 185 3340 l)
221 3272 327 3341 XXIII,
345 3271 393 3325 53:
411 3270 479 3326 vido
496 3269 578 3325 infra.

164 3360 186 3430 ’ί
221 3360 257 3429 μή
285 3353 374 3427 ὀρθῶς
401 3359 573 3427 διεπράξασθε
604 3360 677 3413 Dern
700 3359 758 3428 XL,
778 3359 802 3411 5.
838 3355 882 3412 cfr
900 3356 959 3410 Ter
976 3354 1080 3410 Phorm
1097 3355 1149 3409 957
1168 3353 1290 3407 &1007:

71 3452 233 3519 peccatum,
251 3445 361 3502 facinus
379 3446 523 3516 indignum
541 3450 570 3500 ot
587 3446 697 3500 malum.
945 3500 948 3507 ,

165 3535 186 3604 ⁸)
221 3533 334 3590 Aristot
348 3534 401 3588 Pol
418 3532 482 3602 11,ss
495 3551 514 3603 p
525 3532 619 3604 1268}
632 3533 674 3588 39.
692 3532 842 3587 Adulterio
856 3530 893 3587 ab
904 3544 993 3584 uxore
1006 3527 1157 3584 commisso
1169 3527 1290 3596 pretium

74 3623 238 3694 reposcitur
263 3621 307 3677 cfr
328 3621 401 3675 Hom
425 3619 468 3676 od
490 3621 567 3690 VIII,
586 3619 645 3675 318.
686 3619 893 3688 Nonnunquam
910 3620 993 3685 pater
1011 3615 1096 3670 otiam
1113 3614 1188 3668 ultro
1206 3612 1290 3668 filiam

74 3717 105 3768 et
123 3710 214 3780 gratis
234 3709 318 3764 offert
335 3723 451 3778 genero.

163 3798 186 3866 ⁴)
222 3799 294 3852 Dem
316 3796 418 3864 XLIII,
441 3796 489 3849 75:
513 3797 564 3847 τῶν
585 3796 716 3862 γυναικῶν
738 3792 799 3846 ὅσαι
822 3795 940 3860 μένουσιν
958 3794 985 3842 ἐν
1002 3796 1057 3853 τοῖς
1075 3791 1158 3852 οἴκοις
1176 3790 1227 3840 τῶν
1244 3782 1289 3839 άν-

76 3885 145 3954 δριὸν
163 3887 214 3939 τῶν
231 3883 399 3952 τεθνηκότων
417 3881 568 3949 φάσκουσαι
584 3888 665 3934 κυεῖν.

164 3972 185 4040 ⁸)
220 3972 326 4027 dannot
342 3986 362 4039 p
382 3969 440 4023 107.
458 3997 489 4008 —
510 3969 531 4039 ο)
557 3968 623 4023 Plnt
640 3968 713 4024 Rom
730 3966 773 4020 22.

163 4060 184 4126 7)
219 4058 296 4113 Diod
312 4057 376 4126 XII,
396 4055 435 4111 18.

167 4147 187 4216 ⁸)
223 4146 294 4200 Dcm
321 4160 337 4199 c
360 4145 454 4201 Neacr
475 4159 495 4212 p
519 4141 600 4196 1362:
625 4141 672 4198 ἐάν
693 4136 840 4207 ἀποπέμπῃ
863 4139 911 4207 τήν
932 4144 1054 4207 γυναῖκα,
1072 4132 1229 4189 ἀποδιδόναι
1244 4133 1292 4202 τήν

78 4241 186 4303 προῖκα,
209 4233 257 4286 ἐάν
283 4236 313 4285 δὲ
339 4233 385 4301 μή,
412 4227 452 4284 ἐπ’
475 4234 550 4284 ἐννέα
574 4224 680 4296 ὀβολοῖς
702 4234 868 4295 τοκοφορεῖν,
890 4229 938 4281 καί
961 4229 1032 4279 σίτου
1055 4227 1093 4286 εἰς
1116 4217 1207 4289 ᾠδεῖον
1225 4224 1292 4274 εῖναι

77 4321 241 4376 δικάσασθαι
258 4317 323 4387 ὑπὲρ
341 4321 390 4388 τῆς
406 4317 532 4386 γυναικός
550 4319 586 4385 τῷ
603 4319 694 4384 κυρίῳ.
