3050 5025
651 317 691 387 21

569 410 772 419 -.—---—-—-1

58 526 150 594 enirn
180 529 325 596 aoourati
357 530 529 614 quiequam
563 536 690 596 oonstat
718 528 759 594 de
793 534 937 615 tempore
963 566 1006 576 -
1033 528 1187 596 fideiubet
1219 546 1278 616 pro

56 632 205 698 Dorione
229 633 403 718 publicano
417 634 454 715 ¹):
479 639 574 717 atque
597 652 669 698 oum
691 652 751 697 neo
773 632 830 696 ille
850 632 976 699 solvere
997 653 1058 698 neo
1079 634 1151 719 ipsa
1166 634 1278 718 possit,

56 735 137 800 Zots
176 735 244 802 filia
284 743 435 823 suscepta
477 736 589 802 matris
625 734 832 801 fideiussione
868 734 995 801 hortum
1032 738 1278 822 oppigneratam

56 836 210 923 possidit,
239 860 311 906 oum
339 846 442 906 mater
464 860 499 905 se
532 839 756 925 expedituram
789 838 991 923 pollioeatur,
1025 846 1145 922 quanto
1173 840 1278 906 minus

56 942 199 1025 pretium
222 943 305 1008 horti
328 944 387 1009 sit..
424 942 526 1020 Quem
549 944 608 1009 sub
630 943 727 1009 hasta
748 941 913 1008 venditum
936 942 1011 1008 Zots
1034 963 1106 1008 oum
1129 942 1278 1026 retineat,

57 1064 134 1110 sese
166 1052 202 1110 ut
239 1047 374 1131 singulis
411 1048 620 1133 pensionibus
653 1046 802 1111 exsolvat
833 1046 1002 1131 pecuniam
1042 1046 1174 1129 obligat.
1229 1046 1277 1113 Ae

59 1149 190 1215 solutae
222 1151 394 1235 pensiones
428 1156 654 1217 memorantur.
698 1149 828 1215 Tutoris
860 1148 951 1214 nulla
983 1148 1103 1214 montio
1135 1147 1181 1232 fit,
1215 1147 1277 1214 nisi

57 1250 144 1315 forte
166 1251 200 1317 in
222 1260 367 1320 extrema
388 1260 482 1339 parte
503 1253 662 1337 mutilata,
685 1272 783 1335 quam
804 1253 932 1337 Peyron
953 1252 1000 1318 ita
1023 1252 1116 1335 legit:

101 1370 287 1455 Χρυσιππος
309 1374 471 1438 ἐπακολου
492 1371 596 1459 χόυαλ
623 1373 700 1436 κδυο
722 1393 825 1449 τετκις
845 1394 1030 1437 τεσσακοσει
1053 1373 1147 1451 ·“·l
1161 1393 1183 1433 a
1204 1370 1272 1457 β’Δ
1348 1399 1351 1407 ·

103 1480 516 1581 υκςβῑλαφαρμουῖ.

59 1600 91 1658 et
113 1595 162 1660 ita
184 1596 298 1662 Italioe
320 1598 430 1662 vertit:

102 1718 161 1799 „Io
190 1715 338 1801 Orisippo
361 1720 576 1783 aooonseuto:
605 1716 639 1780 in
667 1736 756 1781 rame
783 1711 998 1801 permutabile
1026 1714 1140 1780 talenti
1173 1711 1278 1780 duee

103 1817 236 1885 draome
258 1820 477 1903 quattromille
499 1824 722 1902 quattrocento
745 1818 896 1901 ventisei,
931 1817 1004 1884 dieo
1033 1818 1080 1883 tal
1102 1818 1132 1902 2,
1160 1815 1277 1903 4426}

102 1922 197 1987 Anno
219 1922 272 1987 31.
315 1923 460 1988 Farmuti
482 1922 534 1987 6.“

59 2024 123 2089 nisi
145 2023 228 2090 forte
251 2025 284 2089 in
306 2026 368 2091 hae
389 2031 483 2110 parte
505 2030 591 2090 tutor
611 2024 850 2107 intellegendus
872 2023 943 2088 erit.
987 2022 1052 2087 Sed
1074 2022 1165 2088 illam
1179 2043 1277 2088 unam

59 2130 102 2194 ob
128 2148 261 2194 oausam
283 2128 461 2194 fideiubere
483 2127 635 2192 mulieres
657 2128 761 2192 vetari
784 2131 1045 2209 consentaneum,
1067 2126 1153 2208 quod
1174 2126 1277 2191 levius

60 2251 161 2316 saepe
172 2232 283 2315 magni
298 2232 421 2315 aliquid
436 2231 602 2318 pollicitae
617 2229 770 2296 damnum
785 2230 848 2296 sibi
859 2228 1009 2313 inferant,
1032 2230 1276 2313 compromisso

58 2342 148 2401 stare
171 2341 337 2416 rogantur.
381 2335 467 2400 Tolli
489 2334 551 2399 hoo
584 2340 641 2398 aut
673 2334 774 2397 minui
801 2332 979 2419 perieulum
1012 2352 1117 2397 nonne
1139 2332 1277 2413 videtur,

59 2439 88 2503 si
120 2436 219 2503 tutori
252 2438 294 2503 sit
326 2438 502 2505 auotoritas
535 2436 795 2523 interponenda?
846 2435 938 2514 Quae
972 2457 1043 2502 oum
1076 2436 1122 2501 ita
1155 2455 1207 2500 res
1241 2454 1277 2500 se

58 2541 198 2624 habeat,
232 2541 426 2606 contendere
459 2541 563 2607 audeo
593 2541 740 2606 omnibus
773 2541 806 2605 in
839 2540 1023 2606 civitatibus
1056 2539 1191 2604 Graecis
1218 2558 1277 2623 per

59 2645 151 2728 leges
184 2642 436 2729 fidepromittere
469 2643 597 2710 feminis
619 2643 764 2725 licuisse,
803 2642 851 2708 ita
890 2652 998 2708 tamen
1029 2648 1065 2707 ut
1098 2643 1275 2708 auotoritas

59 2747 175 2812 tutoris
197 2746 249 2813 hio
271 2768 397 2831 quoque
420 2749 644 2831 requireretur.

206 3041 239 3110 Β.
269 3043 313 3111 tte
337 3039 474 3128 oenotris
497 3058 579 3128 uuae
601 3057 672 3110 oum
696 3041 757 3110 diis
780 3041 821 3112 ab
845 3041 1024 3111 nominituo
1044 3039 1134 3110 tart.

410 3185 443 3254 1.
498 3180 563 3255 De
589 3182 926 3257 oonseorando.

146 3334 210 3399 Pro
231 3333 271 3399 iis
294 3353 377 3416 quae
400 3333 495 3399 modo
518 3333 658 3402 diximus
673 3336 815 3404 dubitari
829 3356 893 3401 non
908 3335 1035 3420 poterit,
1058 3335 1135 3418 quin
1149 3336 1276 3401 mulieri

59 3457 101 3504 ne
125 3435 248 3503 donare
269 3435 399 3520 quidem
420 3437 520 3503 lioeat
541 3437 611 3504 sine
633 3439 747 3505 tutoris
771 3438 963 3505 auctoritate
985 3457 1045 3503 neo
1079 3437 1275 3504 interrivos

57 3560 120 3607 neo
142 3539 253 3606 mortis
276 3558 377 3607 eausa
388 3538 426 3624 ²):
463 3559 591 3626 semper
628 3542 713 3607 enirn
746 3540 833 3607 idem
865 3540 1042 3606 timendum
1075 3547 1108 3606 et
1134 3542 1275 3608 maximo

59 3642 192 3727 quidem
215 3662 313 3728 opere
334 3642 385 3708 his
406 3643 438 3708 in
454 3643 550 3710 rebus
566 3662 606 3708 ne
621 3650 656 3708 ut
671 3650 720 3710 est
734 3642 861 3709 infirma
875 3642 1023 3728 oapiatur
1037 3644 1079 3709 ab
1095 3642 1277 3709 hominibus

58 3745 202 3813 blandis.
246 3746 399 3812 Attamen
421 3745 472 3812 dis
496 3747 732 3814 immortalibus
755 3731 1007 3831 ettemporibus
1030 3751 1063 3810 et
1077 3746 1157 3811 loeis
1179 3747 1277 3812 omni-

56 3852 121 3916 bus
143 3869 201 3914 suo
223 3848 292 3915 iure
315 3849 574 3915 consecrationes
589 3849 729 3914 feminae
743 3849 853 3914 faeere
868 3846 1026 3913 videntur.
1071 3848 1178 3914 Causa
1193 3868 1277 3931 quae

57 3954 102 4019 sit
125 3950 212 4017 haud
235 3950 368 4017 difficile
390 3951 601 4036 intellegitur:
624 3971 695 4018 oum
719 3951 847 4017 omnino
869 3951 902 4015 in
931 3951 1028 4016 rebus
1059 3951 1162 4016 saeris
1194 3970 1277 4016 oom

57 4144 263 4157 ——-—-—-—-

149 4253 174 4320 1)
209 4252 236 4307 A
253 4253 377 4322 Peyron,
394 4251 492 4320 Papiri
510 4249 689 4321 Graue-egini
707 4252 736 4306 di
753 4252 851 4319 Zotde,
869 4249 977 4305 Torino
998 4248 1072 4304 1828.

146 4340 173 4408 ⁹)
207 4339 251 4394 Do
269 4337 446 4393 testamentis
464 4337 609 4393 mulierum
628 4337 703 4393 infra
720 4338 787 4392 vide
805 4354 824 4406 p
843 4337 884 4390 52.
