3050 5025
308 685 622 785 Sententiae
653 694 1053 789 controversae.

665 1037 699 1101 1..

154 1152 251 1238 Apud
272 1153 484 1220 Themistium
512 1154 545 1219 in
569 1156 724 1221 Contione
748 1157 950 1223 Constantini
972 1180 992 1244 p
1017 1159 1067 1242 19,
1089 1158 1145 1224 ubi
1167 1157 1286 1241 legitur

66 1250 103 1317 δι’
129 1250 287 1341 ἀλλήλων,
309 1257 458 1341 primitus
481 1255 651 1343 διάλληλον
672 1258 706 1323 iu
729 1259 875 1344 margine
898 1260 959 1325 luit
979 1260 1166 1345 ascriptum.

655 1448 697 1512 Il.

153 1566 190 1629 Iu
212 1566 376 1652 Euripidis
398 1568 578 1653 fragmento
601 1567 675 1653 (407
699 1566 788 1652 apud
809 1568 1006 1653 Nauckium)
1030 1574 1087 1633 aut
1100 1567 1285 1652 scripserim

65 1668 96 1732 τί
116 1674 178 1733 ποῦ
201 1678 347 1735 κατοικεῖ
365 1677 422 1737 aut
443 1670 472 1736 τί
492 1670 553 1736 ποῦ
574 1666 642 1736 ποτ’
667 1671 755 1738 οἰκεῖ.

647 1860 697 1925 ΠΙ

153 1979 190 2043 In
212 1978 377 2062 Euripidis
399 1978 566 2045 Alcestidc
590 1977 652 2043 333
674 1978 765 2061 lego:

195 2073 257 2148 οὔτ’
281 2082 363 2159 εἶδος
385 2080 467 2169 ἄλλη
490 2082 547 2147 σοῦ
567 2078 801 2168 ’papencordt-p
823 2078 912 2167 γυνή.

647 2271 702 2337 IV.

151 2389 248 2475 Apud
269 2390 472 2476 Propertium
495 2392 533 2474 (l,
556 2391 586 2475 3,
612 2391 666 2468 16)
688 2389 862 2474 legendum
885 2395 948 2455 est:

194 2493 379 2578 Osculaque
401 2493 534 2561 admota
556 2515 683 2561 sumere
704 2494 830 2561 inerma
852 2514 959 2559 manu.

655 2683 693 2750 V.

150 2803 246 2889 Apud
274 2803 401 2869 Livium
430 2803 528 2888 (XLI,
556 2805 607 2888 23,
639 2804 691 2887 18)
720 2803 811 2887 lego:
842 2821 947 2887 „nunc
976 2799 1159 2866 deliberare
1181 2799 1222 2866 de
1245 2819 1283 2865 eo

65 2906 282 3000 periculosum
305 2912 338 2972 et
358 2906 552 2973 inmaturum
575 2905 734 2973 videtur“.

645 3077 700 3142 VI.

151 3197 340 3282 Quicunque
361 3197 545 3283 philologus
573 3217 645 3264 esse
665 3197 716 3264 his
739 3196 937 3282 temporibus
959 3164 1128 3281 studetis
1151 3214 1283 3280 operam

65 3311 164 3370 navet
185 3303 317 3387 linguae
340 3301 525 3369 Sansoritae
547 3321 682 3369 necesse
705 3308 765 3368 est.
838 3397 843 3406 .

667 3473 738 3539 VII.

150 3593 351 3660 Vocabulum
374 3592 674 3661 Palaeobactricum
697 3612 821 3677 gaesa
844 3612 917 3659 cum
941 3593 1067 3659 Graeco
1088 3590 1184 3676 χαίτη
1210 3611 1282 3657 con-

64 3699 202 3764 tulerim.
