3050 5025
648 279 689 341 49

567 369 770 378 .-———·n---

47 486 215 572 ἐλευθέρα
231 488 313 572 εἶμεν
328 488 382 551 καί
397 485 543 572 θυγάτηρ
555 486 700 572 Σωοίχας
712 484 980 573 καίἙρμογὲνεος
994 494 1048 553 τοῦ
1059 486 1273 572 Διοσκουρίδα.

4 596 5 671 ξ
47 591 291 674 Hermogenes,
319 610 414 673 quem
432 595 563 675 propter
584 590 686 674 patris
713 609 831 655 nomen
853 588 999 655 additum
1022 590 1276 656 existimabimus

4 714 5 725 ²
46 701 114 759 aut
137 693 312 776 ingenuum
335 699 392 759 aut
413 693 562 759 libertino
585 698 705 777 uatum,
729 693 864 758 maritus
886 693 1040 759 Sosichae
1069 699 1118 758 est
1139 694 1276 759 libertae

45 798 124 863 iarn
147 804 226 880 turn,
249 797 371 882 opinor,
396 817 467 863 cum
489 796 571 862 haec
592 796 776 882 παραμονῆς
797 794 948 880 officium,
970 796 992 861 i.
1016 816 1042 862 e.
1067 795 1276 881 permanendi

45 901 195 967 liberam
217 900 250 965 in
278 899 348 964 heri
377 898 482 983 domo,
505 902 704 985 praestabat.
749 900 799 963 De
822 898 1010 964 condicione
1031 899 1205 965 liberorum
1219 919 1278 983 per

44 1002 140 1069 illud
163 1009 290 1089 tempus
311 1001 585 1088 procreandorum
612 1002 646 1067 in
676 1001 796 1067 tabulis
824 1001 1083 1067 manumissionis
1105 1001 1277 1085 diligenter

45 1108 218 1190 agebatur
231 1106 268 1189 ¹):
292 1111 390 1188 atque
412 1106 459 1170 ita
486 1125 581 1171 serva
608 1106 696 1171 facta
719 1104 915 1170 Callicraten
939 1103 1005 1169 iam
1034 1105 1277 1170 manumittitur.

45 1209 168 1275 Multis
202 1215 277 1275 aute
311 1208 450 1273 saeculis
472 1208 649 1274 Telesicles
684 1206 837 1273 sacerdos
869 1206 985 1272 Parius
1018 1226 1058 1272 ex
1090 1227 1185 1273 serva
1218 1227 1278 1272 sua

46 1312 170 1395 genuit
191 1310 419 1377 Archilochum
453 1316 583 1395 poetam
616 1310 670 1394 qui
692 1310 851 1394 ingenuus
883 1310 1030 1393 quamvis
1062 1309 1179 1376 nothus
1208 1310 1277 1375 fuit.

46 1415 162 1481 Aliter
184 1434 236 1479 res
257 1434 291 1479 sc
315 1413 403 1499 apud
424 1413 599 1479 Thessalos
621 1412 729 1497 habet,
751 1413 842 1478 utin
865 1413 984 1478 tabulis
999 1413 1104 1478 Haliis
1122 1414 1276 1495 legimus:

93 1516 193 1595 Ἰσιάς
207 1516 422 1601 Μναοιαρέτου
438 1512 742 1601 ἀπελευθερυθεῖοα
756 1514 817 1580 ὑπὸ
831 1514 1046 1599 Μνασιαρέτου
1068 1515 1122 1580 τοῦ
1134 1514 1277 1601 Ἀγροίτα

96 1623 155 1685 καὶ
187 1619 407 1701 Καλλιβοιίλας
438 1626 493 1697 τᾶς
523 1617 711 1705 Εὐρυδάμου
744 1622 798 1683 καί
831 1616 1027 1706 Νικοβοάλας
1059 1619 1114 1697 τᾶς
1139 1617 1277 1684 Μναοια-

97 1724 190 1811 ρέτου
203 1722 238 1807 ²),

48 1844 86 1902 et
109 1838 144 1901 in
167 1834 332 1902 Larisaeis
349 1834 386 1917 ³):

97 1955 227 2041 Κοσμία
248 1952 468 2040 Φερεκράτους
490 1952 552 2019 ἀπὸ
568 1953 790 2040 Φερεκράτους
804 1955 859 2020 τοῦ
877 1954 1014 2033 Ἰοίιυνος
1036 1956 1090 2019 καί
1109 1961 1165 2040 τῆς
1179 1956 1277 2033 δεῖνος

96 2059 155 2143 τῆς
177 2056 326 2143 Πορτίνου
349 2056 479 2142 Παρίου,
1295 2132 1298 2139 Ι

96 2160 250 2247 Κραταιίς
273 2160 457 2227 Ξανθίππου
481 2158 543 2225 ἀπὸ
560 2160 744 2227 Ξανθίππου
767 2161 822 2226 τοῦ
838 2160 1021 2227 Ξανθίππου
1036 2161 1277 2249 καίΚλεοτίμας

96 2265 155 2350 τῆς
172 2256 377 2350 Ἀλκιμάχου,

93 2366 208 2453 Ἀμμία
236 2364 404 2451 Πολυάρου
438 2363 500 2429 ἀπὸ
528 2362 695 2448 Πολυάρου
728 2366 783 2429 τοῦ
813 2364 979 2451 Πολυάρου
1013 2369 1067 2431 καί
1095 2365 1193 2453 Σίμας
1219 2374 1275 2454 τῆς

97 2470 322 2557 Διοσκουρίδου
344 2472 399 2535 καί
420 2469 600 2555 Γοργίππου
622 2474 677 2533 τοῦ
691 2466 868 2555 Πολυάρου.

50 2575 114 2640 Isti
155 2575 240 2641 servi
280 2573 330 2639 sui
366 2573 468 2659 patris
508 2578 597 2656 suut,
638 2592 709 2637 cunr
746 2571 816 2638 heri
852 2574 980 2640 omniuo
1017 2595 1131 2642 servae
1167 2577 1276 2661 proles

53 2677 226 2743 habeatur.
271 2677 371 2742 Mirus
394 2696 470 2743 vero
486 2675 598 2740 titulus
615 2681 664 2740 cst
678 2674 858 2742 Arcadicos
872 2683 946 2762 post
957 2677 1115 2743 Hadriani
1129 2684 1276 2764 tempora

53 2786 225 2846 exaratos:

92 2897 171 2964 Ἐπί
200 2898 305 2984 ἱερέως
333 2897 387 2963 τοῦ
416 2897 608 2976 Ποσειδῶνος
636 2898 814 2984 Κορνηλίου
839 2898 1129 2987 Ἐπιτογχανίιονος,
1157 2902 1276 2969 nocere

97 3001 274 3088 Συμμάχου
302 2999 470 3086 Μαντινικὴ
495 3000 631 3066 Ἐλπίδα
664 3000 720 3087 τήν
759 3003 836 3068 ἰδίαν
871 3002 1033 3090 θυγατέρα
1069 3007 1123 3069 καί
1160 3005 1275 3093 δούλην

97 3101 319 3191 ἠλευθέρωσεν
354 3104 526 3190 ἐλευθέραν
559 3127 593 3175 τε
627 3106 703 3170 είναι
737 3104 933 3184 αὐτεξούσιον
968 3107 1136 3194 ἐπέτρεψεν
1165 3111 1273 3196 μηδενί

99 3208 197 3294 μηδὲν
218 3205 438 3292 προςηκουσαν
460 3206 543 3272 κατὰ
566 3208 686 3295 μηδένα
707 3207 821 3294 τρόπον
833 3209 868 3291 ⁴).

55 3329 176 3394 Servus
210 3327 280 3393 sine
314 3326 412 3394 dubio
445 3335 538 3412 pater
571 3335 620 3394 est
649 3334 683 3394 et
714 3329 742 3394 is
776 3328 921 3411 quidem,
956 3331 1079 3415 opinor,
1112 3332 1274 3398 Euodiac:

54 3431 197 3514 ingenua
230 3429 372 3496 debebat
409 3429 477 3496 filia
509 3431 609 3496 nasci.
670 3431 707 3495 In
740 3430 867 3513 legibus
900 3433 1046 3499 Platonis
1087 3432 1169 3500 haec
1201 3443 1275 3500 sunt

55 3533 128 3618 (XI,
155 3533 195 3599 10
216 3532 315 3619 extr):
350 3533 384 3599 Si
407 3554 471 3616 qua
493 3553 588 3600 serva
610 3553 678 3598 rem
706 3533 857 3600 habuerit
883 3553 956 3599 cum
989 3555 1081 3602 servo
1108 3538 1274 3622 libertove,

55 3644 91 3702 ut
114 3636 157 3702 ad
180 3636 292 3703 herum
319 3655 433 3702 servae
459 3637 553 3702 liberi
580 3637 778 3722 pertincant3
806 3637 856 3700 sin
889 3657 959 3702 cum
998 3657 1091 3704 servo
1130 3647 1275 3725 stuprum

56 3738 171 3804 lecerit
198 3738 355 3824 ingenua,
383 3744 418 3804 ut
447 3738 490 3804 ad
516 3738 628 3804 herum
652 3739 751 3822 servi3
780 3738 830 3804 sin
863 3745 971 3804 autem
999 3760 1070 3805 curn
1093 3761 1151 3807 suo
1174 3743 1275 3828 ipsius

148 4031 169 4099 1)
206 4031 345 4086 Fcucart:
364 4029 544 4100 Daremberg
563 4031 587 4084 c
605 4029 710 4102 Saglio,
728 4031 795 4086 Dict
811 4047 830 4100 p
849 4030 908 4084 303.

144 4119 167 4187 ²)
202 4116 425 4187 Bezzenberger,
442 4118 522 4172 Beitr
540 4118 589 4186 VI,
607 4117 667 4173 308.

146 4206 166 4272 ³)
202 4205 302 4260 Mitteil
320 4204 437 4259 archa'ol
456 4205 518 4259 Inst
538 4204 613 4273 1882,
630 4221 649 4273 p
668 4204 727 4258 226.

146 4291 169 4360 ⁴)
204 4292 244 4346 Le
262 4292 320 4345 Bas
339 4291 363 4344 c
380 4290 583 4361 Weddingtou,
601 4291 666 4360 Meg
684 4296 713 4346 et
730 4291 819 4360 Pelop
838 4291 930 4363 352}

1105 4391 1122 4445 4
