3050 5025
727 280 850 375 ,as

221 487 311 553 milia
349 486 585 572 drachmarum,
624 486 714 553 cuius
747 506 891 553 summae
923 506 1024 570 usque
1058 486 1100 553 ad
1133 487 1316 573 nuptiarum
1350 483 1446 550 diem

218 591 324 656 usuris
342 610 409 656 sex
438 597 470 655 et
503 590 756 673 quadringentas
790 589 961 656 drachmas
994 589 1088 674 effici,
1124 610 1205 673 quas
1241 588 1307 654 iam
1340 588 1444 654 solvit

220 713 328 778 gener.
373 693 553 760 Occurrunt
576 694 660 759 enim
687 694 782 759 nobis
809 692 862 759 hic
884 693 961 758 XIV
982 694 1083 777 milia,
1112 713 1183 760 oum
1212 692 1327 759 ceteris
1356 691 1445 757 locis

220 816 280 863 neo
303 796 410 863 minus
434 797 646 882 septingentis
668 815 728 861 nec
749 796 839 863 MDO
865 796 939 881 plus
967 795 1130 863 drachmis
1158 795 1230 862 dari
1252 795 1443 861 rideamus:

221 921 260 966 ac
293 919 333 965 ne
361 900 395 965 in
422 899 533 965 Teniis
566 898 696 983 quidem
729 899 849 965 tabulis
882 900 955 985 plus
988 899 1052 965 duo
1085 899 1176 965 milia
1208 899 1444 965 drachmarum

217 1003 429 1089 reperiuntur.
474 1003 586 1068 Altera
604 1002 764 1069 sententia
786 1003 868 1070 haec
890 1008 954 1067 est:
977 1001 1086 1068 dotem
1107 1002 1173 1069 iam
1200 1009 1275 1068 ante
1306 1002 1443 1088 nuptias

217 1126 336 1190 genero
360 1105 472 1173 datam
490 1126 591 1190 usquc
613 1105 657 1172 ad
680 1126 752 1172 eum
768 1106 854 1171 diem
871 1106 972 1171 mutui
986 1107 1058 1172 loco
1080 1106 1190 1190 fuisse,
1213 1106 1303 1172 cuius
1318 1125 1445 1171 usurae

218 1210 427 1275 solverentur.
489 1209 572 1274 Tum
605 1214 713 1274 autem
750 1208 833 1273 illud
865 1208 1061 1275 Atheniense
1098 1208 1150 1275 ἐπ’
1187 1209 1275 1276 έννέα
1308 1208 1436 1295 ὀβολοῖς

218 1320 401 1398 τοκοφορεῖν
415 1312 436 1395 ¹)
471 1311 633 1378 recordati
656 1333 675 1377 a
699 1312 820 1378 collata
841 1313 919 1379 inde
952 1313 1028 1380 dote
1055 1334 1157 1397 usque
1184 1313 1228 1380 ad
1249 1315 1438 1400 nuptiarum

220 1414 306 1481 diem
340 1414 421 1481 duos
453 1434 580 1481 menses
613 1415 809 1499 praeterisse
842 1422 1034 1483 statuemus:
1069 1418 1145 1495 anni
1173 1418 1201 1483 si
1227 1417 1439 1484 intervallum

220 1524 315 1601 esset,
339 1538 401 1583 uon
425 1518 497 1604 plus
520 1519 720 1584 solverentur
743 1538 839 1601 quam
862 1539 960 1585 senae
983 1520 1016 1584 in
1038 1520 1183 1603 singulos
1205 1540 1307 1587 annos
1330 1527 1440 1587 cente-

217 1622 328 1688 simae.
351 1658 394 1669 -
416 1619 478 1698 Qui
501 1622 543 1687 ab
567 1620 672 1686 insula
695 1622 778 1705 Syro
803 1622 914 1688 titulus
937 1629 986 1688 est
1008 1623 1178 1706 allatush:

259 1722 417 1811 Ἥγησοῦς
438 1730 494 1810 τῆς
515 1721 739 1811 Κλεομβρότου
762 1725 921 1811 θυγατρὸς
942 1725 1031 1810 προὶξ
1052 1726 1087 1791 τὸ
1109 1725 1238 1811 χωρίονι

218 1848 281 1894 non
304 1827 347 1893 ad
369 1827 521 1893 fiduciam
544 1846 616 1893 eum
638 1847 772 1894 necesse
795 1828 918 1911 referri,
948 1827 1006 1895 sed
1035 1829 1068 1894 in
1097 1828 1203 1895 dotem
1226 1828 1298 1914 ipsa
1320 1828 1440 1894 domus

218 1931 356 2017 fortasse
379 1930 458 1997 data
479 1930 549 1997 fuit.
574 1967 613 1979 -
638 1931 771 1997 Fundos
792 1932 826 1997 in
842 1930 949 1997 dotem
972 1934 1201 2017 oppigneratos
1216 1930 1249 1996 in
1260 1931 1440 2015 Amorgino

219 2035 313 2100 titulo
338 2034 542 2118 agnoscimus
555 2033 593 2116 8);

261 2136 373 2223 [Ὅρος
394 2136 498 2201 οἰκιῶν
520 2138 575 2201 καὶ
602 2134 712 2222 κη’πων
734 2136 794 2201 τῶν
821 2134 912 2221 πρ]ὸς
933 2145 999 2213 ταῖς
1027 2135 1137 2214 οἰκίαις
1166 2136 1229 2202 τῶν
1251 2134 1441 2221 ἀποτετιμη-

261 2240 358 2326 μένων
372 2238 575 2325 Νικησαρέτῃ
600 2240 642 2317 εἰς
663 2240 719 2325 τὴν
734 2249 860 2325 προῖκα,
883 2238 1126 2325 καθιερωμένων
1148 2241 1202 2303 καὶ
1225 2237 1442 2323 ἀνακειμένων

260 2344 299 2430 τῇ
316 2339 454 2429 Οὐρανία
462 2340 626 2428 Ἀφροδίτῃ
649 2342 688 2428 τῇ
712 2342 744 2408 έν
755 2341 873 2407 Ἀσπίδι
895 2340 955 2407 ὑπὸ
977 2341 1197 2428 Νικησαρέτης
1219 2343 1275 2428 τῆς
1288 2340 1438 2427 γυναικὸς

261 2448 316 2532 τῆς
344 2443 548 2532 Ναυκράτους
580 2446 635 2508 καὶ
667 2443 750 2509 κατὰ
783 2446 838 2524 τοὶς
871 2442 1030 2532 διαθήκας
1062 2447 1117 2524 τοὶς
1149 2445 1293 2533 κειμένας
1327 2444 1358 2511 ἐν
1389 2450 1436 2531 τῷ

266 2551 337 2637 ἱερῷ
360 2551 415 2636 τῆς
432 2547 614 2635 Ἀφροδίτης
636 2551 690 2613 καὶ
711 2547 789 2635 παρ’
813 2548 971 2637 Εὐνομέδμ
993 2550 1036 2636 τῷ
1060 2549 1187 2636 ἄρχοντι
1208 2551 1264 2614 καὶ
1284 2549 1372 2634 παρὰ
1393 2555 1439 2634 τῷ

264 2653 448 2740 θεομοθιέτῃ
471 2652 676 2738 Κτησιφῶντι.

220 2781 381 2849 Aedificia
412 2783 471 2848 illa
503 2788 576 2867 post
598 2780 706 2847 mariti
728 2785 864 2846 mortem
893 2780 936 2846 ad
963 2801 1098 2847 uxorem
1119 2780 1307 2867 pervenisse
1327 2777 1439 2844 videu-

221 2885 313 2972 tur⁴).
351 2888 388 2952 In
418 2887 520 2950 altero
547 2884 639 2950 titulo
648 2883 671 2968 5)
697 2883 842 2952 Nicerati
869 2904 1003 2950 uxorem
1029 2889 1179 2969 putamus
1204 2883 1438 2967 Hegecratam:

222 2987 296 3054 huic
319 2988 411 3053 fundi
433 2988 487 3071 qui
515 3008 600 3054 nuno
626 2992 767 3053 veneunt
796 2987 829 3053 in
852 2985 959 3053 dotem
982 2991 1058 3052 sunt
1079 2985 1293 3072 oppignorati,
1326 2983 1440 3069 kyrios

223 3099 332 3158 autem
354 3093 381 3158 is
404 3090 521 3157 dicitur
543 3091 598 3174 qui
620 3089 695 3156 dote
719 3091 840 3156 collata
861 3089 927 3154 iam
950 3088 991 3155 de
1011 3089 1082 3154 iure
1104 3109 1162 3155 suo
1179 3087 1274 3154 cedit.
1310 3087 1361 3154 Ab
1376 3087 1439 3153 hac

221 3195 382 3262 sententia
404 3194 534 3259 minime
556 3195 670 3259 tertius
685 3193 797 3259 titulus
813 3192 965 3259 abhorret
976 3192 1014 3277 ⁰):
1043 3213 1106 3276 quo
1122 3193 1194 3258 loco
1208 3196 1280 3257 utut
1291 3190 1438 3274 singulae

220 3317 272 3363 res
306 3317 377 3363 sese
409 3295 545 3380 habent,
579 3296 740 3362 Xenocles
773 3317 831 3382 pro
865 3318 963 3364 erano
996 3299 1037 3364 ab
1072 3299 1265 3380 Aristagora
1302 3295 1438 3361 collecto

220 3398 389 3466 fideiussor
412 3399 562 3466 fiduciam
584 3405 633 3465 est
655 3399 805 3484 daturus,
840 3406 872 3467 et
894 3421 966 3467 cum
987 3400 1079 3467 fundi
1107 3400 1171 3466 iam
1199 3398 1292 3466 uxori
1319 3398 1438 3464 sintin

314 3691 336 3760 ¹)
372 3691 438 3746 vide
457 3707 544 3760 supra
561 3707 579 3759 p
598 3690 640 3745 36.

310 3777 332 3845 ²)
369 3777 545 3846 0111‚2347
562 3776 601 3848 ᾗ.

311 3865 332 3934 ³)
367 3864 603 3934 Ross‚1nsurII‚
624 3865 672 3918 126
694 3888 722 3912 =
742 3863 946 3935 Dittenberger
964 3863 1023 3936 Syll
1040 3866 1099 3920 437.
1136 3863 1180 3919 cfr
1197 3862 1397 3932 Dittenberger
1408 3862 1435 3916 in

224 3953 345 4007 Hermae
364 3952 413 4005 vol
431 3951 507 4019 XVI,
525 3951 585 4006 200.

315 4039 333 4107 ι)
369 4038 437 4092 vide
455 4036 566 4107 infrap
588 4037 629 4091 53.

315 4127 335 4192 ⁵)
371 4124 581 4195 Dittenberger,
599 4124 661 4195 Syll
678 4124 744 4197 4383
764 4122 807 4179 cfr
826 4125 956 4193 Dareste,
974 4124 1058 4180 Nouv
1076 4139 1128 4178 rev
1146 4123 1203 4178 hist
1221 4123 1257 4178 de
1275 4123 1351 4178 droit
1363 4124 1434 4191 VIII,

224 4211 272 4266 391
295 4215 323 4266 et
343 4227 431 4280 supra
448 4228 467 4281 p
485 4211 502 4265 9
522 4217 551 4267 at
568 4211 644 4267 infra
661 4228 689 4281 p.
707 4212 749 4268 51.

309 4298 330 4366 ⁶)
362 4294 486 4367 Ἀρχαιολ
504 4302 576 4367 έφημ
597 4299 677 4369 1862;
696 4299 764 4355 vide
782 4313 870 4369 supra
887 4315 906 4368 p
924 4299 949 4354 9.
