3050 5025
629 344 670 409 45

26 550 185 635 maritus,
219 570 413 634 quamquam
446 549 498 617 hie
531 557 563 617 et
591 530 730 617 auetorie
764 550 897 617 secundi
930 570 1061 617 munere
1100 557 1132 616 et
1163 549 1256 617 testis

27 654 185 737 fungitur
198 654 234 731 ¹):

78 755 274 843 Δικαιογόρα
295 756 451 843 Διοδώρου
474 757 729 835 συνευδοκέοντος
756 760 812 822 καί
837 758 891 823 τοῦ
913 758 980 823 υίοῠ
1002 756 1159 843 Διοδώρου
1181 756 1253 822 κτλ·

80 860 261 946 βεβαιωτήρ
284 860 367 925 κατά
388 860 441 927 τὸν
462 858 554 947 νόμον
576 861 631 937 τοῖς
652 860 759 939 πόλιος
774 859 905 948 Ἄρχων
927 861 1069 927 Καλλία.
1103 860 1256 947 μάρτυρες

78 962 112 1025 οἱ
134 963 225 1048 ἱερεῖς
246 971 301 1028 τοῦ
319 961 520 1041 Ἀπόλλωνος
535 962 666 1050 Ἄρχων
688 963 814 1029 Καλλία
836 963 904 1030 κτλ.

27 1083 194 1148 Attamen
223 1085 415 1170 compluries
428 1084 451 1163 2)
485 1090 614 1171 praeter
647 1085 798 1150 maritum
830 1085 924 1151 liberi
957 1084 1121 1169 dicuntur,
1155 1103 1255 1167 quare

28 1184 129 1251 idem
153 1186 250 1251 aliter
272 1187 351 1253 alibi
372 1188 504 1253 verbum
527 1187 716 1271 intellege-re
737 1207 872 1253 neeesse
888 1193 983 1253 esset.
1026 1187 1116 1253 Haee
1135 1187 1195 1251 etsi
1209 1186 1257 1253 ita

27 1294 131 1373 suut,
166 1309 353 1355 eonsensum
383 1290 490 1355 mariti
512 1290 597 1355 bona
620 1289 875 1357 administrantis
898 1290 1024 1373 legibus
1046 1289 1257 1374 Delphiorum

28 1391 160 1475 requiri
182 1394 251 1458 veri
273 1394 395 1459 simile:
430 1393 463 1458 in
491 1393 742 1459 manumissione
768 1394 841 1478 ipsa
862 1394 977 1459 tutoris
1000 1414 1063 1458 non
1086 1392 1258 1475 requiritur

29 1496 292 1561 auetoritasn-
315 1496 463 1562 Theraea
484 1496 634 1582 Epicteta
663 1496 748 1580 quod
771 1517 830 1565 sua
853 1497 932 1562 dicit
954 1493 1133 1581 αυτόκτητα
1153 1494 1256 1581 χωρία

29 1598 129 1664 haud
152 1600 219 1665 seio
243 1621 285 1665 en
299 1599 398 1666 vidue
414 1599 683 1682 aequisiveri.-
644 1600 733 1665 -In
748 1601 842 1666 titulo
857 1599 982 1665 Rhodio
999 1620 1069 1665 curn
1085 1599 1256 1664 iubeantur

30 1703 139 1767 etiam
167 1701 319 1779 πολιτίδες
347 1702 517 1821 pecuniam
546 1703 762 1769 conferre
791 1724 831 1769 ae
863 1703 985 1768 femine
1012 1701 1194 1768 nominatur
1222 1700 1255 1765 in

31 1812 134 1891 parte
157 1804 185 1889 k
212 1842 253 1853 —
287 1826 385 1891 saepe
414 1806 462 1871 vir
491 1812 522 1870 et
549 1827 607 1892 pro
637 1826 672 1872 se
700 1806 771 1892 ipso
800 1813 832 1871 et
859 1826 918 1891 pro
943 1805 1016 1871 aliis
1039 1804 1118 1870 dare
1140 1802 1257 1868 dieitur

30 1912 129 1975 velut
151 1930 209 1995 pro
232 1928 332 1975 uxore
358 1909 532 1991 liberisque
559 1916 616 1974 aut
643 1929 706 1995 pro¹
729 1928 830 1975 uxore
858 1910 943 1975 sola:
978 1928 1102 1974 summa
1130 1926 1257 1991 semper

32 2034 109 2077 una
131 2013 253 2097 scripta
275 2013 321 2077 ita
344 2017 378 2078 ut
401 2011 442 2077 de
465 2012 600 2096 singulis
622 2012 702 2077 nihil
724 2019 858 2096 constet,
888 2012 983 2077 sicuti
1004 2012 1156 2094 legimus:

57 2138 92 2181 a.
128 2114 263 2199 Διοκλῆς
284 2112 505 2200 Λευδάμαντος
543 2117 597 2179 καί
636 2108 712 2200 ὑπὲρ
745 2116 801 2180 τοῦ
833 2115 899 2179 υίοῦ
933 2113 1099 2200 Ξενοτίμου
1131 2111 1256 2195 ΙΧῙΧΧ,

129 2215 284 2295 Θεόδοτος
317 2214 504 2303 Ἀρχιδάμου
542 2214 619 2302 ὑπὲρ
657 2216 751 2283 αὐτοῦ
788 2220 842 2283 καί
875 2224 935 2283 τῶν
970 2216 1085 2283 τέκνων
1116 2219 1171 2281 καί
1203 2218 1258 2293 τᾶς

126 2318 271 2406 γυναικὸς
292 2318 405 2403 XXX,
437 2319 613 2406 Παχράσης
646 2320 767 2386 παιδίον
788 2318 987 2405 Ἀριστίππου
1015 2323 1069 2385 καί
1097 2318 1173 2404 ὑπὲρ
1202 2324 1256 2383 τοῦ
1311 2330 1313 2334 ’
1365 2349 1368 2352 ·

126 2422 255 2488 πάππου
273 2418 461 2509 Ἀλκιδάμου
477 2442 484 2457 ·
502 2442 509 2457 ·
527 2444 550 2507 ·,
572 2421 778 2502 Ἀπολλώνιος
796 2416 1002 2489 Ἀπολλωνίου
1024 2424 1078 2486 καί
1099 2420 1177 2507 ὑπὲρ
1199 2428 1254 2486 τοῦ

127 2548 258 2611 πατρος·

58 2636 94 2698 b.
130 2629 208 2696 Δίων
230 2628 377 2707 Διοκλεῦς
398 2631 453 2693 καί
474 2627 552 2714 ὑπὲρ
574 2636 629 2707 τοῖς
651 2628 805 2716 γυναικός,
828 2628 974 2716 Διογένης
989 2629 1188 2716 Διομέδοντος
1203 2630 1257 2693 καί

128 2731 205 2817 ὑπὲρ
227 2739 283 2810 τοῖς
305 2731 485 2818 θυγατρός·
503 2753 510 2768 ·
529 2754 553 2818 ·,
575 2733 683 2798 παιδία
706 2732 873 2799 Ξενοδίκου
895 2733 943 2798 Χ·

60 2859 92 2904 υ.
130 2833 275 2920 Νικάνωρ
297 2833 458 2921 Εότηρίδα
485 2838 539 2901 καί
566 2829 644 2921 ὑπὲρ
672 2843 733 2902 τῶν
761 2836 834 2902 υίῶν
862 2838 916 2901 καί
943 2842 999 2914 τοῖς
1025 2833 1170 2922 γυναικὸς
1192 2831 1257 2900 ἀντί

128 2938 182 3003 τοῦ
205 2940 287 3004 οἴνου
308 2937 498 3023 XHHHH,
520 2938 670 3024 Βίτταρος
689 2938 843 3026 Βιττάρου
865 2942 920 3004 καί
941 2933 1018 3025 ὑπὲρ
1040 2945 1095 3003 τοῦ
1117 2932 1255 3023 άδελροῦ

127 3040 375 3118 Καλλισθένευς·

61 3145 96 3210 d.
127 3129 349 3229 Ἀλδαιμέ[νης
434 3145 583 3225 ]σδένευς
610 3148 665 3210 καί
692 3143 770 3230 ὑπὲρ
795 3151 855 3212 τῶν
881 3145 953 3212 υἱῶν
980 3144 1151 3230 σιτηρέσιον
1179 3145 1255 3210 ἐτῶν

129 3246 184 3311 δύο
206 3244 362 3327 ΗΗΗΙ-Ι-

38 3369 235 3435 Simillimae
256 3369 399 3434 tabellae
422 3376 495 3435 sunt
517 3369 735 3454 Calymnaeae
758 3375 790 3434 et
812 3367 963 3434 Gnidiae:

87 3472 117 3536 οί
145 3473 180 3536 δὲ
209 3470 362 3550 συντάξειν
389 3471 626 3558 προαιρούμενοι
658 3470 710 3537 τὸν
743 3471 855 3536 θίασον
888 3471 1111 3556 έπαγγείλαντο
1145 3469 1256 3548 καθως

86 3577 219 3660 ἔδωκαν,
241 3574 386 3663 Νέαρχος
404 3575 609 3662 Ἡρακλείτου
631 3567 709 3660 ὑπὲρ
731 3573 880 3661 Νεάρχου
901 3573 1160 3653 ποῦἈναξικλεῡς
1182 3575 1256 3639 κτλ·

87 3677 222 3763 Διοκλῆς
236 3678 324 3763 Φρὺξ
346 3681 400 3742 καί
421 3678 498 3764 ὑπὲρ
520 3681 581 3745 τῶν
602 3678 731 3743 παιδίων
752 3678 825 3742 κτλ·
849 3677 935 3756 Θόας
950 3676 1081 3756 Μύνδιος
1102 3680 1157 3742 καί
1178 3671 1256 3763 ὑπὲρ

87 3782 147 3848 τῶν
169 3781 242 3847 υίῶν
263 3782 337 3846 κτλ·
361 3780 524 3869 Εὐήμερος
546 3785 600 3847 καί
622 3779 699 3865 ὑπὲρ
720 3788 776 3859 τᾶς
797 3780 950 3866 γυναικός.

40 3885 114 3955 Nee
136 3885 335 3970 Smyrnaeae
356 3906 421 3951 non
443 3892 517 3951 sunt
537 3884 670 3951 tabulae
693 3884 864 3969 hominurn,
888 3885 942 3967 qui
963 3885 996 3950 in
1013 3904 1112 3970 opera
1126 3884 1257 3969 publiea

46 3995 217 4073 argentum
241 3988 414 4073 contulere,
436 3989 492 4055 ubi
515 3987 558 4054 ad
581 3987 710 4054 nomina
732 4007 832 4073 saepe
855 3987 1000 4053 additur:
1029 3990 1083 4052 καί
1105 3985 1181 4072 ὑπὲρ
1203 3987 1258 4073 τῆς

133 4197 153 4267 1)
189 4198 225 4254 W
242 4197 267 4251 dr
284 4197 308 4252 F
326 4195 386 4251 434.
422 4194 465 4251 efr
487 4197 528 4252 Le
549 4197 607 4252 Bas
626 4197 650 4250 ίίι
667 4195 862 4265 Waddington
879 4196 904 4251 N
922 4195 987 4249 952:
1023 4195 1187 4263 Δικαιαγόρα
1203 4197 1258 4248 Διο-

43 4289 132 4354 δωρου
151 4287 370 4348 συνευδοαέοντος
387 4300 433 4336 του
453 4287 517 4336 ἰδίου
536 4279 631 4350 ἀνδρὸς
643 4282 782 4352 Ἄρχωνος.

132 4373 154 4442 ⁹)
190 4373 227 4429 W
245 4373 269 4426 8ο
286 4372 309 4426 F
326 4372 373 4439 333
392 4371 457 4442 2673
475 4372 541 4442 4263
560 4371 625 4441 4303
644 4370 704 4426 437.
