3050 5025
863 383 905 445 44

320 588 470 673 παρόντος
492 584 594 667 αὐτοῖς
615 588 670 653 τοῦ
690 586 806 673 πατρὸς
826 588 944 674 Σιμίου,
968 590 1119 675 ἔνγραφον
1139 585 1329 654 ἀποτίθενται
1353 608 1494 625 ·····

319 692 389 769 τούς
422 684 575 779 ἄρχοντας
608 691 658 756 διοὶ
686 698 740 756 τοῦ
774 692 931 777 συνεδρίου
964 691 1207 777 εὐαριστοῡντες,
1239 690 1296 777 τὴν
1330 691 1494 777 ἀνιέρωσιν

320 793 475 879 πεπόηται
486 794 651 873 Φιλόξενος
662 794 839 879 Φιλοξένου,
856 815 948 832 ·····
963 817 1062 882 μενιος
1072 794 1266 881 Πτολεμαίου
1278 795 1311 861 ἐν
1321 795 1366 881 τῷ
1383 815 1494 830 ·····

318 896 480 984 Εὐβούλου
504 898 668 985 ἄρχοντοςε

279 1000 338 1066 has
360 1002 501 1068 rationes
522 999 723 1068 intercedere
745 1003 915 1088 probatur:

498 1138 720 1223 Καλλικράτης
928 1137 1107 1224 Τιμογίτων,
1131 1137 1221 1204 ouius
1243 1157 1323 1203 uxor
1345 1136 1493 1225 Λαμπρίς

537 1254 623 1345 ,f
640 1262 688 1315 Χ
1399 1248 1494 1267 “”

442 1347 533 1441 ss
713 1340 767 1397 N,
787 1419 815 1448 x
1024 1282 1401 1463 ἏΧΧ

337 1466 534 1555 Ἀναξίδαμος
577 1469 687 1556 Σιμίας
748 1472 875 1561 Ἀριοτιό
917 1480 1076 1567 Εὔανδρος
1290 1485 1495 1571 Ἀριστοκλῆς

443 1583 614 1764 β
624 1580 1070 1780 Q*

275 1764 500 1885 Καλλικροίτης
565 1800 673 1887 Σιμίας
727 1804 953 1894 Κηφισόδωρος

282 1937 469 2022 Complures
492 1939 552 2005 etsi
575 1960 806 2027 saepenumero
821 1945 970 2031 παρόντες
984 1949 1186 2035 reperiuntur
1200 1950 1234 2014 in
1249 1970 1314 2016 unu
1329 1955 1361 2016 et
1376 1950 1495 2016 eadem

282 2040 547 2125 manumissione,
580 2051 710 2128 praeter
741 2047 892 2113 maritum
924 2055 1032 2115 tamen
1064 2071 1157 2117 nemo
1195 2052 1294 2118 alius:
1336 2052 1370 2117 id
1404 2053 1492 2136 quod

281 2143 420 2208 maxime
444 2144 584 2210 cernitur
605 2145 639 2211 in
661 2146 722 2214 hae
744 2149 966 2236 inscriptione:

318 2270 405 2337 Κλιώ
427 2270 561 2358 Δαφιίνιυ
584 2274 626 2360 κὴ
651 2275 737 2363 Τιμιιί
757 2278 962 2366 Μενεστρότιυ
984 2282 1058 2347 κτλ·
1080 2292 1211 2370 παρεῖαν
1232 2290 1272 2369 τῆ
1294 2283 1393 2349 Κλιιόι
1416 2284 1489 2369 φίλυ

318 2374 518 2453 Καλοαλίδας
551 2376 788 2467 Καλλιγίτονος,
825 2383 891 2450 Meu
907 2404 938 2419 ··
1092 2393 1135 2451 τῶ
1168 2389 1258 2469 δῖνος,
1295 2386 1490 2472 Καλλιγίτιυν

321 2476 535 2564 Καλοκλίδαο,
558 2480 600 2567 κὴ
624 2489 662 2570 τῆ
686 2483 784 2571 Τιμῶι
806 2479 824 2551 ό
847 2483 930 2574 ἀνείρ
952 2488 1154 2570 Καλοοιλίδας
1174 2490 1394 2577 Καλλιγίτονος
1408 2490 1441 2576 ¹).

278 2609 366 2695 Opus
389 2627 460 2673 esse
483 2609 719 2691 quodammodo
742 2615 868 2682 videtur
889 2618 960 2703 ipso
984 2620 1109 2703 marito,
1138 2620 1227 2686 ouius
1249 2639 1326 2687 usus
1348 2620 1489 2686 omnium

278 2732 383 2777 rerum
407 2715 439 2775 et
461 2711 582 2779 fruetus
603 2715 637 2779 in
660 2720 862 2786 matrimonio
885 2722 936 2788 sit.
980 2723 1070 2789 Unus
1097 2728 1205 2788 exstat
1231 2722 1344 2790 titulus
1371 2724 1403 2788 in
1426 2744 1490 2806 quo

278 2814 370 2882 uxori
392 2813 476 2880 alius
501 2825 550 2884 est
570 2819 677 2907 παρών
700 2831 798 2906 atque
820 2826 953 2891 maritus
966 2825 1004 2908 Ζ);

319 2949 476 3034 Παρδὲνα
499 2952 566 3040 ίτρόι
587 2959 642 3018 τοῦ
664 2951 852 3038 Σεροίπιδος,
886 2952 1036 3038 παρόντος
1064 2950 1143 3039 αὐτῇ
1170 2959 1225 3018 τοῦ
1252 2951 1399 3039 ίεροίρχου
1432 2953 1491 3018 κτλ

321 3058 555 3145 παραμείνασαν
577 3052 656 3143 αὐτῇ
679 3058 733 3120 οιαὶ
754 3057 798 3141 τῷ
821 3053 908 3142 ἀνδρὶ
929 3056 1046 3122 Φίλωνι
1066 3056 1200 3123 Δαυλιεῖ.

279 3186 344 3254 Sed
367 3187 408 3253 de
430 3187 498 3274 ἱερᾷ
520 3187 580 3252 hoe
603 3187 674 3252 loeo
697 3185 804 3269 agitur
826 3186 847 3251 i.
870 3206 897 3250 e.
921 3183 962 3250 de
985 3185 1110 3270 liberta,
1140 3191 1172 3250 et
1194 3184 1341 3250 omnibus
1362 3183 1485 3252 libertis

278 3290 431 3358 sacerdos
453 3291 611 3357 maximus
633 3289 686 3354 dei
709 3290 781 3356 loeo
796 3288 890 3355 adest
904 3289 1032 3376 patroni
1044 3290 1082 3373 ³):
1106 3309 1164 3374 per
1178 3307 1318 3354 errorem
1333 3288 1486 3354 emittitur

280 3395 414 3462 maritus
436 3395 490 3478 qui
512 3395 589 3460 item
611 3392 714 3477 adest,
743 3392 804 3457 nisi
827 3392 909 3458 forte
932 3411 1042 3457 earum
1064 3391 1251 3457 libertorum
1273 3391 1418 3457 fortunae
1439 3393 1483 3458 ad

215 3527 220 3536 ·
280 3498 376 3564 deum
398 3499 500 3564 solum
523 3497 693 3584 pertinent.
721 3533 764 3542 -
792 3495 835 3561 Ut
860 3494 893 3560 in
914 3494 1081 3580 Delphicis
1103 3495 1205 3560 titulis
1227 3493 1342 3561 eadem
1364 3494 1485 3561 ratione

277 3602 377 3667 verbu
398 3599 420 3686 ἠ
443 3602 528 3666 δεῖνα
556 3597 810 3674 συνευδοκέοντος
838 3597 973 3662 καὶτοῦ
1000 3595 1111 3682 ἀνδρὸς
1133 3595 1263 3681 αὐτός’)
1292 3597 1484 3681 explioemus

278 3704 468 3771 adducimur
491 3724 529 3770 eo
552 3702 638 3786 quod
660 3701 752 3766 uxori
775 3701 875 3766 semel
895 3700 1117 3770 tantummodo
1138 3720 1203 3765 non
1225 3705 1275 3766 est
1295 3699 1483 3765 συνευδοκῶν

277 3915 479 3924 ----——

365 4048 386 4116 l)
421 4044 545 4115 Larfeld‚
564 4045 623 4116 Syll
639 4063 659 4115 p
678 4044 720 4100 32.

364 4133 387 4201 ¹)
419 4129 558 4200 'Addume
575 4131 624 4200 IX,
642 4131 701 4186 360.

365 4221 386 4290 ³)
423 4219 466 4275 osu
484 4218 615 4288 Peneum,
633 4219 695 4273 Bull
714 4219 750 4274 de
769 4234 834 4274 oorr
851 4218 907 4273 hell
927 4217 1002 4287 1884,
1021 4234 1041 4286 p
1059 4217 1119 4274 403.
1158 4225 1161 4230 ’

364 4306 386 4376 ⁴)
422 4305 459 4361 01
476 4306 498 4376 Ι,
518 4306 593 4360 1700.
628 4305 751 4376 Curtius,
769 4304 870 4362 Aneod
886 4305 979 4375 Delph
997 4306 1029 4360 17
1048 4309 1077 4359 et
1093 4304 1136 4360 23.
1172 4303 1208 4359 W
1227 4301 1479 4374 &numanum

279 4394 343 4463 236;
361 4394 421 4448 447.
