3050 5025
753 276 955 381 mih..

247 492 391 560 defuncti
413 498 548 579 patruus
571 498 603 559 et
624 492 718 558 huius
739 491 826 557 filius
840 490 873 577 ¹).
917 490 1049 557 Addieit
1075 489 1196 557 archon
1217 487 1467 574 hereditariam,

250 596 346 662 ctiam
370 596 398 661 si
420 603 519 663 antea
539 597 605 662 iam
628 596 685 662 alii
707 596 827 682 nupsit,
862 596 892 661 ci
913 595 968 679 qui
990 594 1155 681 proximus
1176 594 1305 661 videtur
1326 613 1469 678 genere:
1516 615 1517 674 j

247 699 321 765 huic
344 706 452 765 tamen
475 699 591 766 cedere
613 699 654 766 de
676 700 746 765 iure
772 720 830 765 suo
858 699 944 784 licet,
977 699 1128 782 quofaoto
1154 698 1319 785 proximus
1352 716 1471 763 rursus
1516 711 1517 782 ξ

247 803 400 886 sequitur.
444 804 624 888 Paupcrem
647 803 828 886 quicunque
850 801 949 868 filiam
972 802 1145 887 renuntiat,
1168 808 1289 869 certam
1305 799 1470 885 pecuniae
1516 793 1517 860 3

247 926 404 971 summam
437 907 467 972 ei
508 906 632 971 heredii
664 906 736 973 loco
770 905 850 972 dare
883 907 981 971 debet
993 905 1028 984 ²).
1078 904 1130 970 Ad
1163 903 1247 970 filios
1280 900 1469 987 ἐπικλήρου,

248 1008 443 1093 simulatque
465 1029 544 1076 suae
565 1010 736 1095 potestatis
759 1030 831 1075 esse
856 1016 1040 1094 coeperunt,
1062 1008 1227 1075 heredium
1251 1008 1305 1073 avi
1327 1006 1467 1079 venitb.
1516 1005 1517 1034 ³

246 1151 290 1160 -—
312 1113 347 1178 Si
369 1114 420 1179 cui
441 1112 530 1179 dliae
556 1118 630 1178 sunt
657 1114 850 1199 complures,
882 1113 996 1197 parine
1025 1132 1136 1178 omnes
1159 1112 1227 1177 iure
1248 1115 1390 1192 utuntur,
1421 1129 1469 1174 an

248 1216 391 1281 maxima
413 1215 555 1298 reliquas
570 1216 754 1282 antecedit?
778 1217 950 1283 Oaillemer
961 1216 987 1297 ⁴)
1004 1216 1099 1282 alteri
1111 1216 1199 1281 filiae
1215 1214 1323 1280 dotem
1339 1213 1467 1298 datam,
1516 1203 1517 1274 ι

249 1317 463 1384 hereditatem
503 1320 596 1383 alteri
632 1326 734 1385 totam
767 1320 922 1403 obtigisse
958 1320 1134 1386 arbitratur
1170 1318 1302 1385 exordio
1338 1318 1468 1399 innisus
1516 1357 1517 1368 τ

251 1420 407 1487 orationis
422 1440 519 1503 quam
533 1420 568 1485 in
583 1421 740 1507 Spndiam
754 1422 989 1489 Demosthenes
1003 1423 1126 1489 habuit.
1171 1423 1241 1488 Hoc
1261 1419 1332 1510 deri
1346 1426 1467 1506 potest,

249 1525 277 1590 si
291 1525 440 1591 maritum
456 1524 590 1591 alterius
604 1525 692 1590 filiae
707 1531 801 1610 pater
815 1525 877 1591 sibi
892 1526 1072 1609 arrogavit:
1094 1545 1204 1591 verum
1219 1530 1286 1589 tum
1299 1524 1467 1609 ἐπίκληροι

247 1647 314 1693 non
337 1634 419 1711 sunt,
453 1649 525 1694 cum
553 1636 724 1712 arrogatas
751 1630 899 1695 omnibus
926 1630 960 1694 in
986 1630 1083 1695 rebus
1111 1627 1171 1693 dlii
1198 1629 1271 1693 loco
1293 1627 1466 1693 habeatur.

249 1732 321 1798 Non
344 1732 432 1798 facta
454 1732 660 1816 arrogatione
682 1752 793 1797 omnes
816 1732 930 1798 eodem
950 1733 1021 1797 iure
1041 1732 1129 1797 filiae
1145 1732 1227 1797 siout
1241 1730 1300 1795 filii
1314 1736 1464 1795 utuntur:
1516 1809 1517 1812 γ

246 1854 286 1902 ao
308 1835 427 1902 Suidas
451 1835 545 1901 dicit:
578 1834 746 1900 καλοῦνται
768 1835 803 1899 δὲ
826 1834 988 1920 ἐπίκληροι
1009 1834 1069 1901 κᾶν
1091 1832 1147 1899 δύο
1170 1832 1225 1899 ωσι
1246 1828 1306 1898 κᾶν
1327 1832 1464 1915 πλείους,

246 1938 434 2022 quibuscum
462 1940 569 2006 verbis
597 1944 777 2023 congruunt
798 1939 884 2005 Isaei
911 1938 975 2005 duc
1004 1938 1113 2019 loei⁶).
1158 1937 1360 2004 Contrarium
1391 1955 1466 2001 esse

248 2042 351 2109 minus
373 2048 461 2109 recte
483 2042 690 2125 Thalheim⁶)
713 2042 746 2107 in
768 2042 855 2108 Isaei
876 2042 1022 2108 oratione
1044 2041 1172 2107 decima
1194 2042 1226 2123 (θ
1237 2040 1271 2124 4)
1294 2039 1382 2124 dicit,
1406 2039 1464 2105 nbi

248 2168 313 2213 una
335 2147 428 2213 nobis
451 2146 620 2232 ἐπίκληρος
642 2153 799 2213 occurrat.
842 2148 1021 2214 Nemeum
1044 2150 1196 2229 quattuor
1222 2143 1371 2229 primitus
1394 2162 1466 2226 ger-

246 2251 333 2317 mani
355 2250 484 2335 fuerint,
517 2250 602 2317 filius
630 2252 713 2317 alter
734 2251 768 2315 in
791 2250 950 2316 familiam
972 2250 1113 2316 alienam
1135 2253 1308 2330 arrogatas
1327 2266 1387 2313 sua
1409 2246 1465 2311 he

246 2353 386 2419 reditate
408 2353 562 2438 privatur,
597 2355 680 2420 alter
702 2361 735 2419 et
755 2354 825 2421 filia
846 2355 952 2421 altera
972 2359 1178 2439 praemature
1207 2351 1393 2434 moriuntur,
1429 2353 1465 2413 ut

246 2476 340 2523 nemo
363 2457 405 2523 sit
427 2463 590 2543 superstes
613 2458 675 2524 nisi
696 2458 794 2525 unica
815 2458 874 2525 illa
900 2456 979 2524 filia.
1002 2494 1043 2505 —
1066 2455 1101 2521 Si
1127 2460 1258 2541 praeter
1284 2473 1382 2520 unam
1411 2451 1464 2517 he

246 2558 431 2626 reditariam
454 2559 627 2627 defunctae
648 2562 782 2628 alterius
797 2561 892 2627 liberi
907 2566 1045 2642 exstant,
1068 2579 1140 2624 cum
1154 2558 1189 2623 in
1203 2558 1320 2644 stirpes
1335 2577 1465 2641 semper

245 2661 428 2749 dividatur,
465 2671 620 2747 quantum
657 2665 823 2751 superstiti
857 2664 955 2750 filiae,
995 2663 1183 2730 tantundem
1219 2662 1270 2728 his
1306 2661 1464 2728 :miversis

247 2766 395 2851 obtingit.

244 2961 447 2970 ——---—-—·-

338 3079 358 3148 ¹)
394 3079 458 3134 Isae
476 3079 526 3149 111,
543 3079 591 3134 74:
626 3077 720 3149 ἦγοὶρ
742 3078 818 3148 ἡμῶν
835 3097 894 3134 τινα
910 3081 962 3133 τῶν
980 3079 1114 3148 ἐγγύτατα
1131 3082 1225 3147 γένους
1244 3075 1462 3144 ἐπιδικασάμενον

247 3169 313 3230 ἕξειν
339 3173 462 3234 γυναῖκα,
488 3166 505 3235 ἦ
534 3171 557 3219 εἰ
580 3171 672 3236 μηδείς
695 3166 770 3237 ἡμῶν
794 3168 919 3236 ἐβούλετο
941 3167 1091 3235 λαμβάνειν,
1114 3169 1165 3219 τῶν
1188 3168 1267 3221 δείων
1289 3160 1346 3218 τινὰ
1364 3165 1462 3216 τούτων

246 3256 298 3306 τῶν
316 3253 516 3322 μαρτυρούντων
533 3257 584 3308 κτλ
603 3258 670 3318 ἕξειν
687 3255 786 3323 ταύτην
802 3262 925 3324 γυναῖκα.

333 3357 357 3428 ¹)
394 3357 437 3413 cfr
456 3375 542 3428 supra
560 3375 578 3428 p
598 3359 639 3414 33.

338 3465 359 3532 ⁵)
393 3463 465 3517 Deru
484 3463 583 3532 XLVI,
602 3463 648 3518 20:
684 3468 733 3518 καί
754 3465 802 3516 ἐὰν
825 3468 853 3528 ἐξ
876 3465 1021 3533 ἐπικλήρου
1044 3483 1083 3528 τις
1104 3468 1214 3533 γένηται
1235 3468 1283 3517 καί
1300 3463 1357 3531 ἅμα
1373 3459 1459 3530 ἡβήσῃ

249 3553 292 3603 ἐπί
309 3553 402 3620 δίετες,
420 3557 529 3617 κρατεῖν
553 3553 604 3602 τῶν
626 3552 778 3618 χρημάτων,
800 3553 846 3604 τὸν
869 3557 899 3605 δὲ
917 3559 986 3606 σῖτον
1004 3560 1106 3620 μετρεῖν
1123 3551 1156 3619 τῇ
1176 3556 1261 3620 μητρί.
1280 3581 1312 3591 ·-
1331 3549 1461 3605 Ceterum

248 3637 385 3692 metoecis
403 3635 624 3692 Atheniensibus
642 3639 686 3692 ius
704 3639 779 3693 idem
799 3643 869 3709 erat
888 3640 990 3710 quibus
1008 3647 1103 3694 tamen
1121 3641 1292 3706 πολέμαρχος
1304 3654 1360 3692 non
1371 3637 1460 3692 minna

248 3740 332 3795 quam
348 3723 377 3778 in
396 3723 458 3778 aliis
482 3723 569 3778 rebus
588 3724 651 3794 lege
670 3725 911 3780 constituebatur:
945 3724 988 3781 cfr
1005 3726 1124 3796 Alciphr
1140 3726 1185 3795 Ep
1203 3725 1225 3795 I,
1243 3726 1273 3778 6:
1289 3723 1458 3792 Σωσδενηςὸ

247 3811 379 3880 Στειριεὺς
405 3810 438 3880 ἦν
465 3827 509 3879 μοι
534 3813 623 3880 πατὴρ
644 3816 692 3865 καί
712 3815 850 3881 Δαμοφίλη
870 3813 965 3883 μη’τηρ,
992 3817 1019 3865 σί
1040 3831 1073 3881 με
1095 3812 1227 3881 ἐγγυητήν
1250 3815 1391 3879 ἐπίκληρον
1418 3815 1459 3863 ὲπί

248 3903 350 3952 παίδων
368 3893 457 3965 ἀρότῳ
475 3903 587 3967 γνησίων
605 3901 723 3968 συνῆψαν
741 3918 783 3952 σοι
800 3901 878 3969 γάμῳ
896 3903 955 3954 κτλ.
972 3905 1020 3954 καί
1039 3918 1069 3952 σε
1085 3900 1218 3968 γράψεται
1235 3899 1308 3964 παρὰ
1321 3906 1375 3962 τοῖς
1387 3903 1459 3951 δικα-

247 3994 320 4050 σταῖς
338 3985 492 4049 κακώσεως.

331 4089 355 4158 ⁴)
390 4088 535 4144 Annuaire
554 4089 589 4144 de
608 4088 710 4146 l’assoo
728 4107 801 4161 pour
819 4091 983 4161 l'encourag
998 4092 1047 4160 Ν,
1066 4091 1109 4146 33.

337 4194 358 4261 5)
393 4193 458 4248 Isae
475 4193 552 4263 VIII,
570 4195 619 4265 403
637 4197 685 4266 VI,
704 4196 746 4252 47.

334 4298 354 4367 ⁶)
390 4297 498 4368 Antiqu
515 4298 562 4354 for
579 4317 598 4368 p
618 4300 651 4355 58
669 4302 758 4357 adnot
779 4305 801 4358 1.
