3050 5025
53 518 189 585 dicitur:
223 522 256 585 in
292 521 429 587 eandem
469 521 662 586 sententiam
695 520 855 604 intellegit
892 523 1069 606 permultos
1101 523 1211 589 titulos
1242 524 1275 587 in

55 624 175 705 quibus
197 624 317 689 femina
339 624 406 690 filio
429 624 649 690 consentiente
671 623 796 690 scilicet
817 625 917 691 vidua
939 626 1144 691 manumittit,
1189 627 1275 692 Satis

51 727 144 792 illam
168 728 326 794 rationem
349 748 448 814 supra
462 728 622 792 refutasse
643 714 791 793 videmur
804 728 841 812 ¹):
872 734 1012 793 ceterum
1039 728 1125 811 quod
1140 728 1275 813 Delphis

51 850 136 896 uxor
158 851 285 917 semper
307 839 383 897 ante
405 831 525 896 liberos
553 831 746 915 nominatur,
775 832 969 897 contrarium
999 852 1126 917 semper
1148 831 1275 899 Rhodia

54 936 223 1021 inscriptio
240 935 372 1001 exhibet
384 936 417 1018 ²).
463 934 497 997 Si
513 938 620 999 autem
635 932 734 999 vidua
750 935 971 999 consentiente
985 936 1052 1002 filio
1068 936 1275 1023 manumittit,
1347 946 1350 949 ’

50 1058 181 1102 servum
202 1038 310 1122 potius
332 1039 365 1102 in
388 1037 627 1103 matrimonium
650 1036 726 1101 olim
749 1038 792 1102 ah
814 1037 888 1121 ipsa
901 1038 1027 1103 illatum
1051 1038 1275 1121 cogitabimus.

50 1141 165 1206 Malim
205 1141 359 1225 colligere
398 1162 438 1205 ex
472 1142 512 1205 W
545 1143 572 1205 dr
603 1141 630 1204 F
663 1142 727 1205 210
760 1147 793 1205 et
824 1141 898 1225 211,
936 1143 992 1207 uhi
1024 1142 1276 1210 manumissores

50 1244 273 1309 nominantur:

95 1345 184 1433 Ταμώ
207 1341 435 1434 Ἀριστομένεος
470 1350 524 1412 καὶ
556 1350 603 1412 τοὶ
630 1348 689 1411 υίοὶ
718 1340 813 1424 αὐτάς
841 1346 986 1432 Πατρὲας
1016 1350 1071 1412 καί
1096 1347 1272 1436 Δαμότιρος

89 1444 284 1537 Ἀνδρονίκου
307 1452 431 1536 Δελφοί,

98 1553 191 1618 Λύκα
214 1554 418 1639 Θρασυκλέος
439 1558 493 1619 καὶ
516 1552 533 1619 ὁ
555 1552 619 1632 υίὸς
641 1553 735 1631 αὐτᾶς
756 1552 903 1631 Σοίνικος.

53 1658 97 1723 Αί
120 1678 161 1723 ne
183 1657 244 1723 hoo
267 1657 396 1741 quidem
419 1665 550 1723 certum.

406 1856 456 1939 V.
503 1859 567 1939 lle
594 1856 694 1939 iure
722 1856 908 1939 forensi.

370 2013 405 2082 Α.
459 2014 502 2082 lle
529 2014 711 2082 actionibus
743 2013 954 2081 intendendts.

140 2150 236 2235 Apud
257 2151 473 2217 Athenienses
507 2170 578 2218 cum
611 2150 678 2235 ipsi
707 2151 878 2236 peregrino
912 2156 1067 2236 patronus
1095 2151 1128 2215 in
1154 2150 1274 2216 iudicio

57 2274 139 2339 opus
161 2254 203 2318 sit
227 2253 439 2339 (προστάτης),
462 2260 567 2320 tutore
591 2254 731 2318 feminae
753 2254 786 2317 in
810 2254 917 2319 causis
946 2254 1094 2319 omnihus
1120 2253 1274 2319 utendum

51 2357 148 2442 est³),
204 2356 297 2433 Quod
337 2357 425 2442 apud
464 2356 654 2440 Gregorium
688 2355 888 2421 Corinthium
927 2356 1112 2440 legimus⁴):
1145 2362 1185 2443 τῇ
1219 2359 1274 2442 μὲν

55 2463 178 2548 γυναικί
201 2460 307 2527 δοτέον
329 2459 510 2547 συνήγορον,
535 2460 641 2546 ἐπειδη
672 2454 798 2544 ἄπειρός
826 2460 890 2524 ἐστι
916 2458 1032 2546 νόμωνε
1061 2466 1199 2525 tutorem
1221 2461 1274 2527 hic

52 2566 217 2648 intellege,
240 2566 323 2630 sicut
345 2566 522 2632 scholiasta
534 2565 558 2651 ὗ)
582 2565 675 2630 citari
698 2564 744 2630 ita
767 2564 881 2629 tradit:
903 2563 925 2650 ἡ
948 2565 1034 2630 δεῖνα
1056 2566 1111 2627 καί
1126 2557 1142 2627 ὃ
1158 2562 1272 2648 κύριος,

50 2662 137 2735 τοῦτ’
168 2671 248 2735 ἔστιν
276 2662 293 2732 ὃ
317 2666 404 2754 ἀνήρ.
459 2670 526 2755 1ρυί
556 2669 695 2733 feminae
723 2668 822 2733 licere
851 2669 924 2751 lege
951 2687 1049 2750 agere
1079 2687 1120 2732 ex
1150 2667 1273 2752 Harpo-

55 2773 209 2839 crationis
231 2773 339 2838 verbis
361 2793 377 2838 s
398 2795 419 2838 v
440 2771 622 2850 κακώσεως
648 2771 737 2857 δίκης
759 2769 857 2857 ὄνομά
880 2771 943 2834 ἐστι
964 2779 1031 2846 ταῖς
1044 2792 1079 2834 τε
1095 2768 1273 2854 ἐπικλήροις

49 2874 134 2941 κατά
155 2877 215 2942 τῶν
237 2875 464 2962 γεγαμηκότων
491 2876 579 2942 haud
608 2875 755 2960 eflicitur,
784 2895 855 2939 cum
879 2880 911 2939 et
933 2874 1028 2938 istam
1051 2873 1155 2956 quivis
1177 2872 1272 2938 homo

51 2980 173 3045 haheat
206 2979 365 3044 actionem
399 2986 432 3044 et
470 2980 511 3044 de
544 2978 708 3063 praesidio
742 2977 885 3042 mulieris
922 2977 1106 3041 necessario
1146 2982 1271 3059 agatur.

49 3083 147 3168 Apud
180 3082 431 3148 Demosthenem
465 3083 563 3167 (LIX,
590 3083 646 3166 52)
684 3101 816 3148 eausam
850 3079 1011 3164 quandam
1046 3099 1105 3164 pro
1138 3079 1272 3145 muliere

50 3185 175 3251 intendi
198 3208 219 3251 a
248 3193 353 3252 tutore
381 3187 533 3270 legimus:
567 3189 622 3250 καὶ
644 3185 728 3250 σίτου
751 3186 794 3262 εἰς
826 3180 935 3272 ᾠδεῖον
968 3184 1044 3248 εἶναι
1077 3179 1271 3247 δικάσασθαι

52 3287 129 3372 ὑπὲρ
168 3289 224 3373 τῆς
262 3287 407 3374 γυναικὸς
444 3290 488 3374 τῷ
526 3289 632 3374 κυρίῳ.
688 3288 891 3371 Quamquam
928 3293 1014 3352 tutor
1047 3286 1177 3353 minime
1213 3307 1271 3354 suo

49 3392 176 3458 nomine
199 3392 277 3474 agit.

136 3495 194 3560 Est
216 3495 248 3559 in
270 3495 417 3561 Platonis
432 3495 559 3578 legibus
571 3493 648 3581 (XI,
666 3494 718 3581 14)
739 3501 776 3560 ut
798 3495 885 3560 etin
907 3492 1027 3558 iudicio
1042 3493 1144 3557 verba
1164 3494 1272 3559 facere

53 3599 213 3682 ingenuae
236 3599 335 3664 liceat
356 3597 573 3683 quadraginta
601 3619 704 3665 anuos
732 3605 830 3664 natae
857 3605 890 3662 et
917 3595 1039 3662 carenti
1061 3595 1177 3662 marito
1200 3597 1273 3680 lege

52 3701 113 3786 ipsi
136 3721 235 3784 agere
258 3701 361 3787 (δίκην
382 3700 573 3787 λαγχάνειν).

139 3908 160 3977 1)
197 3909 263 3963 vide
282 3923 300 3976 p
319 3908 353 3961 56
372 3923 413 3977 sq.

139 3994 163 4062 ²)
199 3995 329 4064 Νοννίου,
349 3993 445 4048 Greek
462 3995 540 4048 inser
557 3994 585 4048 Π
603 3993 662 4048 343.

140 4082 161 4152 ⁸)
197 4082 268 4137 haee
299 4082 441 4137 sententia
468 4081 543 4136 Gidii
571 4086 616 4135 est
647 4079 736 4149 p80,
769 4096 833 4134 cum
859 4079 1029 4148 Dcsjardius
1058 4082 1175 4132 auctore
1199 4077 1271 4132 alios

53 4185 167 4239 quoque
186 4169 331 4224 advocare
350 4168 442 4223 liceat

139 4256 162 4325 ⁴)
200 4257 236 4310 ad
254 4257 380 4326 Hermog
399 4255 514 4310 method
533 4255 617 4325 eloqu
635 4254 677 4309 21.

140 4343 162 4413 ο)
200 4341 285 4398 Schol
304 4343 341 4398 ad
359 4341 498 4413 Aristoph
516 4343 580 4412 Equ
597 4341 657 4395 969.
