3050 5025
842 350 884 417 34

254 560 337 625 hene
352 558 521 626 Thalheim
538 559 580 627 ad
604 580 675 628 eam
698 560 808 627 dotem
830 582 913 645 qnae
935 563 1094 648 promissa
1109 561 1267 630 debeatur
1282 562 1382 628 refert
1400 581 1484 627 oum

251 684 310 750 pro
320 664 396 749 ipso
412 663 518 730 offioio
533 665 636 750 patris
651 652 703 732 vel
718 665 828 732 fratris
842 665 963 732 fiducia
978 686 1049 735 esse
1071 673 1210 750 nequeat
1217 667 1255 747 ¹):
1279 673 1311 732 et
1327 665 1484 731 Dareste

252 772 339 832 errat
362 774 393 833 et
414 769 605 834 Barrilleau.
649 768 691 833 Et
705 768 816 833 Teniis
831 774 863 834 et
877 769 1035 853 Myconiis
1057 790 1141 853 quae
1163 769 1204 834 de
1227 769 1355 837 dotibus
1377 767 1480 833 datis

251 870 383 936 tabulae
415 872 544 955 pnhliee
577 879 651 938 sunt
677 871 844 938 eonfeotae
872 872 934 937 hoo
966 893 1063 938 unum
1097 872 1249 939 doeemur
1276 893 1317 938 ex
1344 872 1481 939 eollata

253 971 327 1037 dote
343 973 416 1039 lites
431 973 529 1039 facile
544 974 629 1041 oriri.
674 974 769 1052 Quod
785 974 826 1041 de
837 976 1093 1043 Massiliensibus
1104 976 1324 1043 Phooaeorum
1339 972 1478 1041 oolonis

253 1076 370 1142 Strabo
393 1077 447 1162 IV,
473 1076 530 1141 181
556 1081 575 1159 ξ
598 1079 619 1143 5
641 1078 768 1144 scribit:

294 1173 314 1263 ἠ
338 1177 399 1264 γὰρ
429 1180 557 1266 μεγίστη
580 1180 668 1266 προὶξ
691 1180 793 1260 αὐτοῖς
822 1182 902 1248 ἐστιν
929 1181 1041 1248 ἑκατὸν
1064 1190 1179 1268 χρυσοῖ
1197 1184 1253 1246 καὶ
1274 1182 1317 1259 εἰς
1338 1181 1479 1267 ἐσθῆτα

294 1281 385 1347 πέντε
407 1285 461 1346 καὶ
481 1283 571 1349 πέντε
594 1286 636 1363 εἰς
656 1291 793 1372 χρυσοῦν
814 1283 942 1371 κόσμον,
964 1284 1059 1353 πλέον
1081 1282 1108 1350 δ’
1131 1284 1190 1349 οὐκ
1212 1284 1323 1364 ἔξεστιι

253 1404 293 1449 ex
321 1385 383 1451 hao
411 1386 484 1469 lege
513 1387 643 1453 minime
672 1389 808 1455 efficitur
836 1390 935 1455 aliam
964 1409 1090 1473 qnoque
1118 1408 1159 1454 ne
1184 1388 1243 1455 dos
1265 1388 1368 1453 minor
1390 1408 1477 1454 eon·

252 1487 388 1553 ferretur
410 1489 524 1555 fnisse:
558 1491 655 1558 immo
683 1512 759 1558 vero
789 1491 929 1563 studium
957 1491 1039 1558 illud
1066 1491 1152 1576 quod
1174 1491 1208 1557 in
1229 1492 1392 1558 veteribus
1419 1497 1478 1557 est

230 1591 296 1665 ¹rei
327 1591 496 1658 familiaris
525 1614 622 1678 quam
642 1595 790 1661 maxime
824 1595 1063 1662 conservandae
1084 1583 1318 1679 agnoscemus.
1366 1594 1478 1661 Haud

252 1694 319 1761 scio
342 1716 384 1761 an
408 1695 522 1762 eadem
544 1699 670 1764 ratione
691 1698 943 1781 intellegendum
965 1699 1048 1765 illud
1069 1698 1190 1784 Ephori
1212 1699 1254 1763 sit
1275 1696 1362 1783 apud
1377 1698 1479 1763 Stra-

250 1799 367 1864 bonem
390 1798 431 1884 X,
454 1800 517 1865 482
540 1804 559 1883 ξ
582 1803 637 1866 2οε
661 1804 757 1887 φερνή
781 1799 808 1867 δ’
833 1803 913 1869 ἐστίν
935 1803 983 1888 (so
997 1804 1030 1868 in
1046 1803 1163 1885 Creta),
1186 1800 1223 1868 ἂν
1245 1794 1373 1886 ἀδελφοὶ
1396 1799 1474 1883 ὦσι,

250 1899 285 1965 τὸ
308 1900 402 1987 ἥμισυ
424 1903 480 1988 τῆς
500 1910 555 1968 τοῦ
578 1903 715 1991 ἀδελφοῦ
732 1906 868 1991 μερίδοςι
892 1926 1087 1989 quamquam
1101 1906 1153 1971 hio
1167 1904 1341 1988 significari
1356 1911 1477 1989 potest

251 2024 329 2071 usus
345 2006 384 2085 in
407 2025 469 2088 quo
492 2008 583 2073 nulla
604 2008 682 2074 insit
703 2009 785 2092 legis
806 2010 865 2076 vis.
909 2009 1014 2092 Atque
1035 2013 1106 2073 utut
1127 2028 1179 2074 res
1201 2026 1237 2073 se
1259 2007 1366 2086 habet,
1388 2027 1471 2073 oum

249 2108 424 2173 Aristotele
452 2110 613 2193 auotore²l
644 2113 754 2179 Cretes
782 2112 886 2179 forma
914 2112 1113 2197 reipublicae
1140 2116 1271 2177 utantur
1298 2109 1473 2177 Lacedae-

249 2210 377 2276 moniae
399 2211 574 2298 simillima,
597 2214 735 2299 Spartae
758 2223 866 2281 autem
890 2214 982 2281 dotes
1001 2214 1175 2297 antiquitus
1190 2213 1319 2297 quidem
1335 2214 1473 2279 omnino

136 2342 150 2395 ¹·
247 2334 313 2380 non
336 2315 472 2381 conferri
496 2318 664 2403 constet³):
699 2340 820 2385 morem
847 2318 977 2404 proprie
1000 2316 1152 2383 Doricum
1180 2336 1222 2381 ne
1243 2316 1334 2381 illum
1356 2316 1474 2381 existi-

249 2437 371 2483 memus
400 2418 579 2484 eavendum
607 2427 665 2488 ert.
716 2422 843 2488 Lesbiis
872 2420 1027 2486 Berenioe
1054 2420 1096 2485 de
1127 2420 1202 2487 dote
1230 2420 1334 2502 legem
1362 2419 1472 2484 fertur

250 2520 390 2605 dedisse,
424 2542 488 2605 qua
516 2525 667 2604 seriptum
698 2531 778 2609 erat,
812 2525 840 2591 si
867 2524 943 2590 dote
971 2525 1144 2590 constituta
1172 2529 1247 2589 ante
1270 2524 1471 2590 collocatam

249 2623 350 2722 filiam
371 2631 465 2710 pater
487 2627 617 2711 obisset,
640 2628 730 2692 utin
752 2627 871 2695 iudieio
894 2628 1002 2695 dotem
1024 2635 1134 2714 petere
1149 2629 1276 2694 liceret:
1299 2627 1340 2693 de
1355 2625 1471 2693 officio

250 2726 385 2794 dotandi
407 2727 486 2792 nihil
509 2728 667 2814 dieitur⁴).

334 2831 432 2896 Pater
454 2833 578 2899 seilicet
605 2835 795 2919 plerumque
822 2834 930 2900 dotem
958 2835 1090 2919 confert,
1119 2825 1193 2920 post
1212 2833 1307 2900 huius
1328 2838 1471 2898 mortem

248 2933 348 2999 frater
380 2935 523 3021 virginis,
556 2936 675 3002 viduae
703 2944 812 3004 autem
844 2945 900 3003 ant
926 2937 1012 3004 filius
1039 2943 1075 3003 ut
1102 2937 1135 3004 in
1163 2938 1256 3003 titulo
1282 2937 1339 3003 illo
1360 2936 1471 3003 Tenio

249 3039 422 3124 extremo⁶)
445 3045 501 3104 aut
522 3040 550 3105 is
573 3041 626 3124 qui
649 3041 784 3107 tutelam
806 3040 914 3106 habet.

334 3335 356 3406 ¹)
391 3334 500 3405 Antiqn
523 3332 569 3391 for
591 3351 610 3404 p
635 3335 693 3389 144.
728 3335 859 3405 Dareste,
886 3333 948 3390 Une
975 3334 1014 3390 loi
1039 3333 1147 3404 Ephes:
1176 3335 1261 3391 Nouv
1278 3349 1330 3390 rev
1347 3333 1404 3390 hist
1423 3334 1465 3390 de

248 3423 324 3478 droit
341 3423 362 3487 I,
383 3423 430 3476 171
450 3438 512 3492 sqq.
547 3422 705 3477 Barrilleau
722 3439 741 3492 p
761 3423 819 3476 154.

333 3509 355 3580 ²)
390 3508 503 3565 Aristot
520 3509 573 3563 Pol
590 3509 626 3579 ΙΙ,
644 3511 669 3578 7,
689 3511 712 3562 l.

336 3597 357 3664 8)
392 3596 446 3651 Ael
464 3596 517 3652 VH
535 3596 582 3666 VI,
601 3597 634 3650 6:
654 3596 734 3663 νόμος
758 3599 812 3648 ἔστι
824 3602 878 3660 τοῖς
895 3594 1071 3663 Σπαρτιάταις
1083 3598 1141 3648 κτλ·
1156 3601 1249 3663 γαμεῖν
1267 3598 1297 3648 δὲ
1314 3591 1463 3662 ἀπροίκους

247 3687 293 3738 ἔτι.
328 3683 424 3738 Justin
450 3683 498 3751 ΙΙΙ,
526 3682 555 3737 3:
581 3683 724 3753 „virgines
756 3683 816 3738 sine
844 3683 911 3738 dote
938 3683 1044 3739 nubere
1071 3682 1153 3737 iussit
1180 3683 1222 3755 (so
1244 3682 1405 3753 Lyeurgus)
1428 3689 1463 3738 ut

246 3785 350 3825 uxores
369 3770 540 3839 eligerentur
556 3784 614 3825 non
632 3770 794 3839 pecuniae.“
817 3767 953 3825 Attamen
970 3774 1073 3839 postea
1091 3770 1173 3824 dotes
1186 3769 1270 3824 etiam
1287 3784 1461 3839 permagnae

247 3858 351 3912 dantur
368 3855 413 3911 eir
430 3856 543 3911 Aristot
560 3857 613 3911 Pol
631 3857 666 3926 ΙΙ,
685 3857 709 3926 6,
730 3859 771 3912 11.
807 3856 829 3911 0
847 3857 953 3926 ldliller,
971 3857 1093 3912 Dorier¹
1109 3858 1145 3927 11,
1164 3857 1223 3912 192.

332 3945 356 4013 ⁴)
392 3945 457 4014 Hyg
483 3943 592 3999 Astron
618 3945 727 4001 XXIV:
773 3945 994 4014 „Eratosthenes
1025 3949 1118 4001 autem
1148 3943 1217 4000 dicit
1246 3947 1276 3998 et
1301 3944 1460 4015 virginibus

205 4035 209 4048 ’
245 4031 355 4087 Lesbiis
383 4032 479 4086 dotem
506 4048 591 4101 quam
618 4032 719 4101 cuique
749 4031 877 4087 relictam
904 4050 921 4089 a
947 4038 1066 4102 parente
1093 4048 1174 4087 nemo
1199 4032 1318 4087 solverit
1339 4032 1458 4087 iussisse

245 4119 326 4173 reddi
348 4122 378 4173 et
400 4119 474 4172 inter
500 4134 549 4174 eas
573 4120 755 4175 constituisse
778 4119 970 4189 petitionem.“
1010 4122 1038 4176 A
1059 4125 1148 4176 matre
1171 4119 1224 4173 dos
1243 4120 1318 4188 apud
1336 4119 1456 4175 Lesbios

244 4210 277 4260 ut
295 4206 370 4274 apud
388 4204 549 4276 Aegyptios
568 4205 630 4261 dari
647 4205 812 4262 Baehofeno
831 4208 945 4263 videtur
963 4209 1034 4277 (Das
1051 4205 1255 4274 hlutterreoht).

333 4293 353 4362 ⁶)
389 4291 404 4344 o'
423 4297 495 4347 δεῖνα
514 4297 633 4348 ἐπέδωκε
650 4296 687 4362 τῷ
705 4298 767 4348 δεῖνι
779 4292 996 4364 Ἀριστοκράτους
1013 4299 1111 4364 Γυραεῖ
1127 4298 1170 4347 ἐπὶ
1181 4297 1310 4364 Νικησίλῃ
1326 4297 1360 4361 τῇ
1379 4298 1457 4363 μητρὶ

244 4381 277 4447 τῇ
297 4377 378 4433 αὑτοῦ
396 4383 455 4434 κτλ.
