3050 5025
664 335 700 397 11

125 534 266 622 Ιρικρίτη
295 536 439 622 Χαιρὲλοι
464 536 644 616 ’ursianae
671 537 749 624 μετὰ
776 541 889 625 κυρίων
911 542 1108 629 Τιμοκράτου
1129 549 1184 610 καὶ
1204 546 1283 611 Χαι-

116 638 194 722 ρὲλα
215 638 407 726 Χοιβυσσίου.

69 785 141 850 Ho'o
164 786 249 851 enim
270 792 406 852 stemma
428 792 551 853 statuo:

470 931 655 1001 ,Chaereas

479 1190 644 1274 Iphiorata
659 1213 667 1253 :
684 1188 753 1255 eius
774 1192 907 1259 maritus
929 1194 1127 1280 Chabyssius

484 1336 853 1535 JK

344 1556 545 1625 Timocrates
588 1531 763 1626 Chaereias
848 1558 951 1625 Phido

65 1692 109 1738 ne
132 1679 262 1758 praeter
283 1682 407 1762 patrem
429 1685 563 1765 patruus
585 1685 670 1746 tutor
692 1700 763 1745 esse
784 1678 942 1746 videatur.
969 1680 1124 1746 -Siout
1145 1681 1178 1746 in
1200 1702 1221 1747 v
1240 1683 1280 1746 77

66 1774 155 1842 filius
170 1778 282 1846 matris
296 1779 415 1847 viduae
430 1788 514 1850 tutor
528 1784 562 1848 in
577 1782 680 1849 altero
695 1782 788 1848 titulo
799 1782 901 1848 Tenio
917 1782 982 1865 (OJ
995 1784 1038 1868 Π,
1052 1783 1164 1850 23381)
1180 1786 1281 1869 extit:

111 1877 130 1943 ὁ
153 1881 237 1949 δεῖνα
259 1882 399 1950 ἐπέδωκε
420 1892 464 1972 τῷ
486 1887 558 1953 δεῖνι
576 1884 838 1972 Ἀριστοκράτους
857 1884 974 1972 Γυραεῖ
993 1886 1044 1951 ἐπὶ
1063 1884 1219 1974 Νικησίλη
1241 1894 1280 1974 τῇ

112 1986 205 2070 μητρὶ
226 1992 265 2072 τῇ
288 1984 383 2052 αὑτοῦ
394 2037 487 2053 .....

64 2122 138 2189 Neo
160 2123 255 2190 aliter
275 2124 423 2211 Erythris
444 2127 477 2191 in
499 2126 557 2192 filii
578 2128 682 2193 tutela
703 2126 803 2193 vidua
825 2133 889 2193 est:

121 2225 320 2314 Αρισταγόρη
354 2227 584 2316 Διονυσοδώρου
623 2228 701 2316 μετὰ
732 2235 788 2294 τοῦ
823 2226 932 2306 παιδὸς
963 2227 1194 2315 Διονυσοδώρου
1225 2230 1281 2296 τοῦ

108 2326 330 2416 Ἀριστομὲνου
352 2330 546 2419 κληρονόμος
567 2330 646 2397 οὖσα
670 2333 730 2399 τῶν
747 2330 969 2417 Ἀριστομένου
991 2332 1045 2396 τοῦ
1066 2330 1279 2418 Μητροδώρου

110 2431 195 2498 κατὰ
211 2433 372 2522 διαθήκην
389 2435 611 2523 διασυνίστησιν
628 2435 780 2523 ἱερητείοιν
794 2433 833 2522 ἤν
849 2431 1006 2521 ἠγόρασεν
1019 2433 1241 2523 Ἀριστομένης
1248 2437 1279 2521 ¹).

153 2553 197 2620 Ut
228 2554 272 2620 ad
303 2555 440 2622 Dorioas
472 2557 620 2623 civitates
652 2562 871 2641 transeamus,
910 2555 951 2622 do
982 2557 1084 2623 tutela
1117 2557 1280 2625 Laeonioa

65 2657 197 2724 omnino
228 2658 308 2725 nihil
340 2661 513 2728 memoriae
540 2660 702 2746 proditum
727 2666 791 2728 est:
826 2665 923 2743 atque
949 2658 1099 2744 Jamet²)
1129 2681 1280 2745 magnam

66 2767 179 2827 censet
199 2761 359 2829 Lacaenis
380 2763 480 2830 fuisse
501 2784 559 2830 suo
581 2765 709 2831 nomine
737 2762 857 2848 agendi
884 2769 1087 2848 potestatem.
1130 2764 1280 2832 Theraeo

63 2863 217 2950 Epicteta
232 2864 344 2931 Grinni
358 2865 427 2932 filia
445 2874 657 2952 posteaquam
679 2890 700 2933 a
721 2867 837 2956 marito
861 2872 893 2933 et
915 2887 935 2932 a
955 2865 1031 2932 filiis
1052 2865 1178 2932 duobus
1200 2869 1280 2934 orba

65 2973 126 3051 est,
150 2987 303 3050 generum
325 2975 462 3036 tutorem
483 2970 593 3055 habet,
615 2992 681 3037 non
699 2970 832 3037 fratrem
853 2969 1050 3055 adoptivum.
1094 2969 1174 3036 Oum
1196 2970 1280 3036 enim

65 3077 293 3137 enumerentur
325 3073 541 3158 propinqui³)‚
579 3079 653 3159 post
689 3092 843 3156 generum
876 3072 1058 3139 nominatur
1078 3069 1280 3157 Ἀντισθένης

60 3173 225 3252 Ἰσοκλεῡς
251 3174 336 3240 κατὰ
363 3177 398 3240 δὲ
426 3173 574 3243 ὑοδεσίοιν
599 3175 740 3261 Γρίννου,
773 3174 892 3241 deinde
920 3181 1027 3241 autem
1053 3174 1147 3241 huius
1179 3176 1280 3242 frater

67 3278 327 3362 consanguineus
338 3300 402 3346 non
416 3280 493 3346 item
505 3279 679 3365 adoptatus
690 3277 918 3365 Ἀριστόδοηιος
928 3276 1097 3355 Ἰσοκλεῡς.
1130 3278 1279 3345 Sororem

66 3382 248 3468 Epictetae‚
261 3404 332 3450 eum
344 3388 430 3449 esset
441 3382 609 3469 epioleros,
623 3381 755 3447 duxisse
766 3381 973 3447 Antisthenes
986 3380 1123 3447 uidetur.
1156 3379 1280 3457 Quodsi

64 3505 167 3569 gener
195 3487 329 3553 tutelam
360 3486 474 3571 habet,
507 3486 557 3551 ius
588 3483 819 3550 hereditarium
850 3482 1102 3570 respioiendum,
1136 3503 1207 3549 eum
1235 3482 1279 3549 ad

64 3811 140 3852 nom.
176 3797 257 3854 Nous
273 3811 309 3852 ne
326 3810 439 3868 voyons
457 3809 510 3868 pas
528 3797 557 3851 la
575 3793 699 3851 solution
716 3795 752 3850 de
772 3797 847 3848 ootte
864 3791 1070 3849 difficulte“.—
1081 3793 1122 3848 At
1138 3794 1278 3851 Aloistho·

65 3899 117 3940 nes
141 3885 233 3954 primo
256 3885 321 3938 looo
343 3884 454 3938 minimo
477 3883 594 3938 ementis
617 3882 783 3952 Axionioae,
802 3882 885 3935 immo
910 3881 970 3935 eius
994 3895 1067 3951 quae
1084 3883 1183 3937 vendit
1200 3887 1279 3942 tutor

66 3977 125 4028 est:
146 3976 176 4026 et
192 3971 233 4026 ita
252 3971 313 4040 ipse
331 3971 453 4026 Dareste
471 3970 500 4041 (p
518 3969 580 4040 380)
598 3974 677 4026 reete
694 3969 791 4024 vertit.

154 4073 174 4144 1)
209 4072 419 4144 Dittenberger,
438 4073 552 4144 Sylloge
569 4075 595 4131 N
613 4075 702 4129 37ον
719 4074 779 4126 150.

152 4160 175 4231 ²)
210 4162 266 4217 Les
284 4161 458 4216 institutione
477 4161 598 4216 sociales
617 4167 647 4216 et
663 4162 690 4216 le
708 4159 785 4215 droit
802 4158 869 4213 oivil
886 4160 904 4212 a
922 4157 1039 4228 Sparte¹
1050 4174 1070 4227 p
1083 4161 1134 4214 110
1150 4161 1191 4229 (=
1205 4162 1277 4217 Mem

66 4247 101 4305 de
119 4248 137 4304 l’
157 4249 230 4303 aoad
248 4247 331 4303 o’Aix
348 4247 394 4316 X).

154 4336 175 4407 ⁸)
211 4335 300 4404 0111,
320 4335 388 4390 2448
406 4349 437 4386 rrr
456 4336 497 4389 15.
