3050 5025
673 290 714 355 39

74 500 196 567 dotem
219 498 432 586 oppignerati,
456 504 488 563 et
509 516 589 563 uxor
612 502 644 564 et
664 497 777 582 kyrios
798 496 855 562 ille
877 494 919 561 de
940 497 1010 561 iure
1031 515 1089 563 suo
1111 496 1238 563 cedunt.
1259 533 1302 543 -

71 602 207 689 Ephesi
228 622 456 687 nonnunquam
490 600 627 667 divortio
660 600 746 666 facto
781 600 887 665 dotem
921 601 1061 683 exlege
1088 620 1151 666 nou
1177 599 1302 665 restitui

75 707 241 773 doeemur
263 708 346 772 tituli
360 706 383 793 ¹)
406 725 500 771 versu
523 705 579 771 59:
608 703 629 789 ἢ
651 702 806 790 γήμαντες
828 706 883 769 καὶ
904 704 1102 781 διαλυθέντες
1124 704 1167 790 μή
1191 702 1302 768 ἀπαδε-

73 808 206 875 δοίκασι
227 807 281 887 τοὶς
314 807 426 895 φερνὰς
460 802 554 886 οὔσας
587 801 758 885 ἀποδότους
785 808 868 873 κατὰ
895 806 947 874 τὸν
974 806 1075 894 νόμον,
1126 808 1217 873 Sicut
1242 806 1301 873 dos

72 913 255 979 adulterae
282 933 346 979 non
373 912 560 995 restituitur,
589 910 637 977 cfr
664 911 733 976 Aah
755 912 819 977 Tat
840 911 928 996 VIII,
951 914 987 977 8:
1017 908 1158 996 δεύτερος
1180 912 1215 976 δὲ
1238 911 1301 975 ἔστι

72 1038 132 1103 μοι
156 1014 408 1100 repugnantem
431 1013 571 1102 μοιχείας
593 1012 677 1099 ἀγών
699 1013 767 1080 κτλ.
782 1012 836 1079 Ἂν
858 1013 956 1080 τοίνυν
977 1012 1149 1080 τούναντίον
1172 1014 1205 1096 (ἰ.
1223 1032 1250 1077 e.
1273 1012 1301 1077 si

73 1118 336 1204 condemnetur),
364 1116 420 1203 τήν
448 1120 503 1204 μὲν
525 1117 607 1182 κατὰ
629 1115 681 1183 τὸν
707 1116 800 1204 νόμον
822 1116 971 1202 ἀφεῖσθαι
992 1118 1048 1204 τῆς
1072 1116 1200 1203 προικὸς
1222 1118 1302 1201 φημὶ

73 1224 145 1288 δεῖν
170 1222 247 1308 ἐμοί,
269 1223 322 1288 τὸν
350 1224 384 1287 δὲ
406 1219 555 1307 ὑποσχεῖν
577 1219 633 1308 τήν
648 1219 850 1306 ὀφειλομένην
864 1230 927 1298 τοῖς
949 1230 1068 1306 μοιχοῖς
1088 1220 1244 1307 τιμωρίαν.
1260 1256 1301 1265 -

75 1327 119 1390 In
137 1330 333 1392 testamento
348 1325 554 1391 Aristotelico
568 1324 591 1409 ²)
614 1325 732 1409 legitur
746 1324 901 1410 scriptum
915 1330 951 1388 ut
967 1324 1150 1410 Herpyllidi
1165 1343 1301 1407 quoque,

79 1448 227 1512 quacum
249 1428 375 1495 vixerat
396 1427 617 1513 philosophus,
638 1434 762 1493 tutores
785 1428 1007 1513 prospicerent
1029 1432 1061 1491 et
1082 1427 1238 1494 Nicanor:
1262 1447 1302 1491 ae

77 1532 110 1598 si
134 1539 276 1617 nuptura
299 1532 414 1597 iterum
437 1536 532 1614 esset,
566 1531 625 1596 dos
647 1530 780 1596 daretur
807 1531 963 1596 talentum
996 1531 1122 1613 argenti
1150 1550 1191 1595 ex
1213 1528 1302 1595 here-

75 1634 188 1701 ditate
211 1656 282 1701 eum
305 1635 406 1701 tribus
429 1634 556 1700 ancillis
579 1640 610 1699 et
624 1635 733 1719 pueris
756 1633 896 1699 duobus:
919 1640 1089 1719 praeterea
1104 1634 1132 1699 si
1148 1632 1302 1699 Chalcide

75 1739 184 1804 vellet
205 1738 363 1824 habitare,
386 1759 458 1805 eum
479 1739 571 1804 herto
594 1736 788 1821 aedificium,
810 1737 860 1803 siu
883 1743 990 1802 autem
1005 1736 1165 1821 Stagirae,
1188 1736 1302 1802 domus

77 1842 193 1928 patria
225 1842 382 1909 instructa
410 1842 496 1907 omni
525 1839 751 1927 suppellectili.
801 1839 867 1905 Sed
894 1841 990 1906 istam
1019 1860 1090 1905 cum
1112 1840 1302 1906 Aristoteles

84 1945 225 2011 duceret
252 1945 397 2012 dotatam
425 1944 525 2010 fuisse
547 1945 677 2010 minime
706 1949 845 2028 constat,
874 1964 957 2028 quae
989 1944 1169 2010 concubina
1195 1944 1302 2029 potius
1345 2007 1348 2011 .

78 2048 261 2132 videtur³):
289 2049 427 2133 patriam
451 2048 540 2112 illam
564 2046 691 2113 domum
716 2068 736 2112 a
758 2052 851 2132 patre
874 2067 931 2113 suo
953 2047 1145 2113 Aristoteles
1167 2048 1301 2132 accepit.

80 2150 224 2216 Accedit
245 2150 331 2234 quod
353 2170 394 2216 ne
416 2150 476 2216 hoc
498 2150 628 2234 quidem
651 2149 807 2215 habemus
829 2151 1042 2236 exploratum,
1070 2149 1114 2215 ad
1143 2150 1234 2215 euius
1256 2150 1303 2215 rei

81 2254 238 2339 publicae
260 2254 310 2320 ius
325 2260 551 2320 testamentum
567 2252 770 2319 referendum
787 2254 843 2318 sit:
866 2275 941 2319 nam
964 2261 996 2319 et
1010 2254 1161 2337 Stagirae
1173 2254 1300 2339 patriae

81 2358 233 2424 coloniae
256 2356 478 2423 Chalcidensis
512 2357 612 2422 civem
635 2356 841 2423 Aristotelem
874 2356 972 2423 fuisse
1005 2364 1114 2422 uotum
1137 2362 1170 2422 et
1198 2356 1300 2442 ipsius

81 2459 260 2545 Chalcidis,
282 2460 480 2526 Athenarum
501 2480 566 2525 nou
587 2460 642 2525 ita.
668 2494 707 2505 -
730 2458 769 2523 In
793 2460 940 2545 Aegypto
963 2480 1033 2526 cum
1056 2467 1132 2526 ante
1153 2466 1302 2546 tempora

83 2562 299 2630 Macedonum
322 2563 453 2629 liberior
475 2570 559 2628 esset
580 2563 746 2628 mulierem
775 2563 923 2628 condicio
944 2563 1050 2629 civilis
1069 2564 1230 2647 universa,
1259 2564 1301 2628 ab

85 2668 190 2733 altero
214 2666 289 2731 inde
312 2667 442 2733 saeculo
475 2667 525 2732 ius
553 2664 674 2732 dotium
704 2665 750 2730 ita
772 2665 967 2750 immutatur,
996 2672 1031 2730 ut
1060 2688 1080 2732 a
1102 2665 1217 2730 marito
1240 2665 1299 2732 dos

86 2769 338 2855 administretur,
368 2769 430 2836 etsi
458 2769 589 2855 propria
616 2767 726 2834 uxoris
754 2775 872 2834 manet.
926 2771 964 2834 In
985 2770 1116 2835 tabellis
1138 2768 1301 2834 dotalibus

84 2875 175 2942 illius
197 2874 351 2959 temporis
363 2874 386 2958 ⁴)
409 2875 564 2959 scriptum
585 2873 764 2940 invenimus
787 2878 822 2936 ut
837 2873 970 2938 maritus
992 2873 1020 2937 si
1035 2872 1143 2938 officia
1164 2892 1223 2938 sua
1238 2893 1302 2938 uon

63 2989 66 2993 '
86 2983 269 3066 praestaret
290 2976 375 3042 dotis
398 2975 556 3042 summani
570 2975 800 3058 dimidiamque
816 2975 986 3041 redderet:
1008 2981 1197 3041 nontamen
1219 2994 1301 3040 uxor

87 3082 205 3147 dicitur
227 3082 269 3146 ab
292 3101 330 3147 eo
353 3079 545 3146 discessura.
591 3080 683 3145 Auno
705 3079 753 3164 pO
768 3079 915 3145 LXVIII.
937 3085 1125 3165 procurator
1137 3081 1300 3144 Romanus

86 3188 241 3250 renovata
263 3185 336 3268 lege
358 3184 525 3267 Augustea
558 3181 659 3248 edixit
686 3187 722 3247 ut
751 3181 810 3248 dos
833 3183 1001 3248 mulierum
1023 3183 1257 3268 Aegyptiarum
1280 3203 1301 3248 a

89 3288 275 3353 maritorum
298 3285 510 3354 creditoribus
532 3291 603 3352 tuta
625 3285 754 3366 erecto.

171 3493 374 3560 Matrimonio
407 3493 486 3559 inito
520 3493 677 3558 retinetne
715 3491 831 3558 mulier
863 3511 930 3556 rem
959 3512 1050 3559 suam
1084 3492 1329 3559 familiarem‘l·

89 3603 236 3682 potestne
258 3597 405 3683 sibiipsi
428 3595 551 3680 aliquid
566 3595 754 3679 acquirere?
777 3595 929 3661 Primitus
951 3598 1130 3664 commuuio
1145 3598 1299 3664 bonorum

88 3742 155 3748 -.--—
169 3742 192 3746 .-
210 3741 287 3748 ...-

173 3804 192 3872 1)
229 3802 687 3874 Dittenberger,Sy11344.—²)
723 3801 798 3871 Diog
815 3803 902 3856 Laert
919 3803 954 3872 V,
974 3805 1014 3858 ll.

174 3891 195 3959 ')
230 3890 295 3946 Alia
318 3895 362 3945 est
385 3891 526 3946 sententia
548 3889 675 3945 Brunsii:
698 3890 752 3944 Die
776 3888 849 3945 Test
867 3889 886 3944 d
902 3890 999 3959 griech
1016 3890 1127 3955 Philos,
1150 3891 1262 3947 Zeitsch
1280 3893 1298 3948 d

91 3977 296 4048 savigny-stile
313 3979 386 4033 Rom
404 3977 464 4033 Abt
484 3978 507 4046 I,
530 3979 545 4032 1
569 3993 631 4046 sqq.
655 3975 698 4031 cfr
721 3975 844 4045 Schulin,
867 3977 927 4030 Das
944 3977 1042 4046 griech
1060 3978 1139 4048 Τοοῖι
1150 3979 1232 4049 vergl
1248 3979 1299 4033 mit

92 4066 183 4120 drdm
200 4083 219 4135 p
238 4065 271 4120 27
291 4070 320 4120 et
337 4064 412 4120 infra
429 4081 448 4134 p
468 4065 509 4119 61.

170 4153 192 4223 ⁴)
228 4153 344 4209 Notiees
372 4157 401 4208 et
424 4152 542 4208 extruite
564 4151 668 4220 XVIII,
692 4150 750 4206 rh
776 4150 822 4205 13:
842 4150 889 4202 ἐὰν
913 4153 943 4203 οὲ
966 4151 1001 4219 μή
1025 4144 1236 4219 ποήοῃααθὸτι
1253 4155 1297 4219 γέ-

91 4257 209 4308 γραπται,
228 4235 357 4293 ἀποτίνειν
376 4235 454 4293 αὐτὸν
472 4240 520 4308 τήν
538 4240 636 4308 φερνήν
654 4240 822 4305 παραχρῆμα
840 4238 884 4289 οὐν
902 4238 934 4306 τῇ
952 4236 1070 4306 ἡμιολίᾳ.
1167 4259 1169 4261 ·

174 4326 193 4396 ⁶)
229 4327 359 4396 Dareste,
378 4326 470 4382 Journ
488 4327 539 4382 des
558 4342 611 4382 sav
631 4325 706 4394 1883,
724 4339 743 4394 μ
763 4325 821 4377 170.
