3050 5025
562 361 763 460 „AL

92 564 276 631 Λιουαίσκω
300 565 414 633 Θιουίω
429 566 464 632 τὸ
487 566 719 653 σουνοὶλλαγμα.
763 565 923 652 Νικαρὲτα
945 567 1068 646 Θέωνος
1090 576 1145 646 τᾶς
1166 569 1272 648 πόλιος

86 666 305 754 Ἐρχομενίων
327 668 370 757 κὴ
386 671 430 735 τῶ
446 668 567 756 ἐγγούω
582 669 699 747 Θίωνος
715 668 879 757 Σουννόμω
893 671 932 737 ταὶ
954 670 1100 757 γραίρατα
1116 672 1268 758 διοχείλιη

91 771 286 858 πεντακάτιη
315 773 357 857 κὴ
387 774 430 837 τῶ
452 772 571 858 caepta
600 772 720 857 Fionmp
744 766 760 838 ὅ
784 772 885 856 αὐτός,
907 774 1086 839 Λιουκίσαω
1104 773 1272 862 Ὃμολωΐω

92 872 130 939 τὸ
153 872 386 962 οουναὶλλαγμα.
441 874 601 961 Νικαρὲτα
623 874 741 953 Θίωνος
767 883 823 953 τᾶς
850 875 956 955 πόλιος
982 876 1194 964 Ἐρχομενίων
1227 877 1269 964 κὴ

92 984 139 1041 τῶ
163 977 284 1063 ἐγγούω
307 976 424 1056 Θέωνος
446 977 610 1064 Σουννόμω
636 976 676 1043 τὰ
703 976 850 1065 γραματα
877 980 1129 1066 αεντακισχείλιη
1158 979 1201 1066 κὴ
1229 989 1276 1046 τω

87 1080 214 1167 'caepim
241 1080 361 1166 Fiucop
390 1078 530 1166 ὁαύτός,
563 1079 675 1166 χρόνος
702 1080 719 1145 ὁ
749 1080 850 1159 αὐτός,
895 1082 1054 1167 Νικαρέτα
1077 1081 1195 1161 Θίωνος
1216 1084 1271 1162 τᾶς

85 1181 203 1260 ’πόλιος
222 1181 435 1270 Ἐρχομενίων
462 1184 510 1269 ud*
534 1185 578 1247 ui
601 1182 722 1269 ἐγγούω
745 1182 862 1262 Θίωνος
883 1184 1050 1271 Σουννόρω
1070 1184 1110 1250 τὰ
1124 1184 1271 1272 γράρατα

93 1286 199 1372 χείλιη
229 1284 273 1371 uti
306 1288 351 1351 τῶ
382 1286 501 1373 τεθμίω
528 1287 648 1372 Ρίστωρ
672 1285 688 1351 ὁ
712 1286 813 1370 αὐτός,
835 1286 1014 1353 decorticare
1037 1286 1214 1354 Oedoodiu
1235 1288 1270 1355 τὸ

94 1387 330 1476 σουνάλλαγμα.

49 1512 187 1576 Summa
221 1516 270 1576 est
297 1509 524 1575 drachmarum
546 1510 640 1574 XVII
673 1510 795 1575 milium
829 1511 1076 1593 quingentarum
1106 1513 1270 1596 octoginta

48 1613 209 1696 quinque,
259 1613 425 1679 obolorum
475 1611 620 1679 duorum.
685 1613 777 1679 Haec
823 1633 900 1699 pars
946 1613 1033 1678 tituli
1075 1615 1271 1681 breviarium

47 1715 261 1800 tabellarum,
294 1735 375 1799 quas
408 1715 543 1802 Thespii
575 1715 853 1801 tethmophylaces
886 1719 1133 1803 componebant.
1187 1719 1271 1784 Iussi

48 1819 137 1883 enim
172 1824 264 1883 erant
295 1817 495 1903 polemarchi
522 1817 806 1885 Orchomeniorum
838 1816 1047 1905 ὑπεραμερίας
1080 1858 1121 1869 -—
1154 1822 1271 1904 quibus

45 1920 221 2005 pecuniam
254 1918 397 1987 debitam
436 1927 525 1985 certa
558 1920 612 1986 die
644 1942 709 1986 non
738 1923 863 1986 exsolvi
891 1923 1097 1989 confirmatur
1125 1962 1167 1975 --
1195 1924 1270 1990 illas

46 2023 215 2090 tollendas
237 2043 351 2089 curare
374 2029 406 2087 et
428 2024 558 2089 tabulas
579 2024 627 2088 rei
648 2023 839 2109 probandae
863 2046 963 2092 causa
991 2027 1120 2092 nomine
1143 2027 1270 2093 scribae

47 2128 224 2193 subnotato
247 2132 424 2211 reportare.
468 2126 619 2192 Praecise
635 2126 743 2192 omnia
759 2127 959 2212 carptimque
974 2130 1095 2213 scripta
1109 2130 1269 2214 videntur,

47 2250 152 2313 quare
175 2230 295 2294 nullam
323 2229 437 2294 tutoris
470 2229 665 2294 mentionem
694 2229 763 2294 fieri
791 2230 923 2295 minime
951 2232 1076 2297 mirum.
1120 2233 1268 2298 Ceterum

46 2335 108 2398 illa
137 2334 239 2399 verba
267 2332 446 2397 Arouaiouro
470 2330 584 2397 Θιουίω
611 2330 646 2396 τὸ
669 2330 892 2419 σουνάλλαγρα
914 2372 954 2381 -
981 2356 1054 2400 cum
1077 2356 1097 2400 a
1118 2336 1271 2401 Foucarti

47 2436 199 2522 partibus
222 2434 388 2501 discedam
412 2441 444 2501 et
458 2434 640 2500 Thalheimi
661 2436 846 2522 suscipiam,
869 2437 923 2520 qui
946 2457 1037 2503 suam
1059 2438 1269 2524 ipsemecum

47 2539 245 2606 sententiam
278 2539 526 2605 communicavit
558 2575 601 2587 -
633 2538 841 2605 distinctione
873 2541 1003 2606 sublata
1035 2540 1079 2606 ad
1111 2561 1152 2606 ea
1185 2560 1269 2623 quae

48 2640 250 2708 antecedunt
282 2642 397 2724 refero,
430 2641 477 2706 ita
506 2647 542 2706 ut
569 2641 665 2726 primi
692 2643 795 2707 mutui
820 2649 946 2727 tempus
973 2642 1129 2709 addatur:
1157 2650 1269 2710 eontra

47 2745 132 2810 illud
157 2743 331 2828 Ξενοκρίτω
351 2741 580 2830 Ἀλαλκομενίω
609 2744 652 2811 ad
679 2744 813 2811 huiusce
839 2747 1016 2811 testimonii
1038 2753 1165 2830 tempus
1187 2747 1268 2812 refe-

48 2845 187 2913 rendum
220 2847 328 2913 omnia
361 2853 472 2912 mutua
504 2847 655 2912 continet.
710 2849 908 2930 Argumento
936 2848 1014 2913 mihi
1042 2855 1092 2914 est
1120 2847 1207 2932 quod
1233 2848 1268 2912 in

49 2972 69 3016 v
93 2950 134 3014 75
158 2949 314 3034 temporis
336 2948 511 3034 descriptio
534 2954 606 3034 post
628 2949 774 3015 ultimam
797 2951 984 3035 pensionem
1005 2951 1132 3034 legitur.

135 3088 206 3153 Hoc
224 3087 324 3171 igitur
339 3085 482 3152 debitum
497 3093 709 3171 posteaquam
732 3093 821 3153 certa
844 3086 897 3153 die
920 3087 1100 3154 exsolutum
1123 3094 1267 3172 nonest,

48 3199 84 3259 ut
99 3191 183 3256 XIX
204 3190 294 3256 milia
317 3190 519 3273 octingentas
541 3196 607 3257 tres
629 3197 663 3256 et
677 3191 810 3274 triginta
826 3190 998 3258 drachmas
1020 3192 1149 3276 efficiat,
1172 3197 1268 3277 pacto

48 3295 233 3360 destinatur
255 3315 275 3360 v
299 3293 361 3358 124
382 3312 442 3376 sqq
464 3291 534 3376 (ὣς
563 3293 615 3358 cui
640 3293 784 3378 pactioni
812 3294 946 3360 maritus
968 3295 1143 3362 Nicaretae
1171 3293 1267 3360 adest

49 3404 83 3464 et
105 3417 165 3483 pro
189 3396 321 3463 civitate
342 3394 627 3462 Orchomeniorum
647 3395 861 3480 polemarchi:

93 3515 246 3602 ὁμολογία
267 3514 425 3601 Νικαρέτη
449 3513 566 3593 Θέωνος
588 3514 743 3602 Θεισπιαῆ
768 3514 920 3601 παρόντος
941 3514 1099 3601 Νικαρέτη
1126 3516 1268 3595 Δεξίππω

92 3612 270 3703 Εὕνομίδαο
292 3625 336 3684 τῶ
359 3616 468 3702 ἀνδρὸς
491 3616 653 3696 Θεσπιεῖος
674 3619 717 3705 κὴ
740 3620 780 3704 τῆ
802 3618 875 3683 πόλι
893 3617 1114 3705 Ἐρχορενίων.
1137 3630 1268 3704 παρεῖαν

93 3723 191 3807 οὑπὲρ
211 3723 267 3799 τᾶς
287 3721 393 3799 πόλιος
414 3722 619 3809 πολέμαρχοι.

49 3843 151 3909 Aliud
182 3841 378 3928 promittitur
410 3848 558 3927 pactum,
602 3862 665 3926 quo
699 3848 732 3908 et
766 3861 839 3908 oum
871 3840 1087 3925 polcmarohis
1119 3861 1185 3906 una
1216 3841 1270 3907 de

51 3966 121 4012 cern
150 3945 236 4011 cives
269 3943 473 4010 Orchomenii
507 3945 677 4030 pecuniam
711 3943 803 4010 illam
835 3945 921 4009 intra
949 3949 1074 4028 tempus
1102 3943 1269 4011 definitum

49 4046 301 4134 persolvendam
328 4053 497 4132 praestent
523 4053 565 4132 et,
599 4049 627 4114 si
657 4046 734 4130 quid
762 4046 928 4130 acciderit,
964 4046 1108 4129 utrisque
1130 4047 1269 4114 mulctae

50 4153 266 4235 imponantur.
310 4149 388 4215 Eius
410 4150 499 4236 pacti
521 4150 641 4235 privati
662 4170 682 4214 v
706 4151 746 4214 79
768 4150 819 4233 (F)
842 4147 1009 4214 exordium
1032 4148 1185 4214 continet:
1210 4171 1270 4216 nec

51 4253 157 4332 minus
179 4251 352 4320 Nicaretae
385 4257 470 4318 tutor
502 4253 637 4318 maritus
659 4251 768 4318 adest:
805 4251 976 4334 verbisque
1003 4251 1083 4336 ipsis
1104 4251 1138 4316 in
1159 4259 1269 4320 mutuo

51 4355 162 4422 dando
184 4354 409 4422 auctoritatem
432 4355 546 4420 tutoris
569 4352 837 4439 interponendam
858 4353 958 4419 fuisse
980 4355 1152 4439 probatur:

1083 4471 1115 4527 2*
