<?xml version="1.0" encoding="UTF-8"?>
<!DOCTYPE html PUBLIC "-//W3C//DTD XHTML 1.0 Transitional//EN"
    "http://www.w3.org/TR/xhtml1/DTD/xhtml1-transitional.dtd">
<html xmlns="http://www.w3.org/1999/xhtml" xml:lang="en" lang="en">
 <head>
  <title>
</title>
<meta http-equiv="Content-Type" content="text/html;charset=utf-8" />
  <meta name='ocr-system' content='tesseract 3.04.00' />
  <meta name='ocr-capabilities' content='ocr_page ocr_carea ocr_par ocr_line ocrx_word'/>
</head>
<body>
  <div class='ocr_page' id='page_1' title='image "./henricilewydeci00lewygoog_0046.png"; bbox 0 0 3050 5025; ppageno 0'>
   <div class='ocr_carea' id='block_1_1' title="bbox 824 299 868 363">
    <p class='ocr_par' dir='ltr' id='par_1_1' title="bbox 824 299 868 363">
     <span class='ocr_line' id='line_1_1' title="bbox 824 299 868 363; baseline 0 0"><span class='ocrx_word' id='word_1_1' title='bbox 824 299 868 363; x_wconf 91' lang='grc'>40</span> 
     </span>
    </p>
   </div>
   <div class='ocr_carea' id='block_1_2' title="bbox 744 390 946 399">
    <p class='ocr_par' dir='ltr' id='par_1_2' title="bbox 744 390 946 399">
     <span class='ocr_line' id='line_1_2' title="bbox 744 390 946 399; baseline 0.01 -2"><span class='ocrx_word' id='word_1_2' title='bbox 744 390 946 399; x_wconf 74' lang='grc'>----</span> 
     </span>
    </p>
   </div>
   <div class='ocr_carea' id='block_1_3' title="bbox 237 506 1462 3376">
    <p class='ocr_par' dir='ltr' id='par_1_3' title="bbox 237 506 1462 3376">
     <span class='ocr_line' id='line_1_3' title="bbox 239 506 1461 593; baseline 0.003 -22"><span class='ocrx_word' id='word_1_3' title='bbox 239 507 357 589; x_wconf 86' lang='lat' dir='ltr'>ubique</span> <span class='ocrx_word' id='word_1_4' title='bbox 379 507 478 573; x_wconf 84' lang='lat' dir='ltr'>fuisse</span> <span class='ocrx_word' id='word_1_5' title='bbox 501 506 626 573; x_wconf 87' lang='lat' dir='ltr'>videtur</span> <span class='ocrx_word' id='word_1_6' title='bbox 649 514 684 573; x_wconf 91' lang='lat' dir='ltr'>ut</span> <span class='ocrx_word' id='word_1_7' title='bbox 706 506 749 572; x_wconf 89' lang='lat' dir='ltr'>ad</span> <span class='ocrx_word' id='word_1_8' title='bbox 771 508 920 573; x_wconf 87' lang='lat' dir='ltr'>maritum</span> <span class='ocrx_word' id='word_1_9' title='bbox 943 508 1051 574; x_wconf 91' lang='lat' dir='ltr'>omnia</span> <span class='ocrx_word' id='word_1_10' title='bbox 1073 508 1283 593; x_wconf 79' lang='lat' dir='ltr'>pertinerent:</span> <span class='ocrx_word' id='word_1_11' title='bbox 1312 530 1352 575; x_wconf 89' lang='lat' dir='ltr'>ac</span> <span class='ocrx_word' id='word_1_12' title='bbox 1377 530 1461 593; x_wconf 87' lang='lat' dir='ltr'>pau-</span> 
     </span>
     <span class='ocr_line' id='line_1_4' title="bbox 238 608 1462 701; baseline 0.003 -27"><span class='ocrx_word' id='word_1_13' title='bbox 238 610 329 701; x_wconf 88' lang='lat' dir='ltr'>latim</span> <span class='ocrx_word' id='word_1_14' title='bbox 352 630 423 676; x_wconf 88' lang='lat' dir='ltr'>cum</span> <span class='ocrx_word' id='word_1_15' title='bbox 445 612 576 677; x_wconf 86' lang='lat' dir='ltr'>liberior</span> <span class='ocrx_word' id='word_1_16' title='bbox 608 611 764 677; x_wconf 87' lang='lat' dir='ltr'>evasisset</span> <span class='ocrx_word' id='word_1_17' title='bbox 787 608 933 677; x_wconf 78' lang='lat' dir='ltr'>condicio</span> <span class='ocrx_word' id='word_1_18' title='bbox 961 612 1139 695; x_wconf 86' lang='lat' dir='ltr'>mulierum,</span> <span class='ocrx_word' id='word_1_19' title='bbox 1169 613 1266 677; x_wconf 89' lang='lat' dir='ltr'>etiam</span> <span class='ocrx_word' id='word_1_20' title='bbox 1287 612 1321 677; x_wconf 92' lang='lat' dir='ltr'>in</span> <span class='ocrx_word' id='word_1_21' title='bbox 1342 614 1462 678; x_wconf 87' lang='lat' dir='ltr'>matri·</span> 
     </span>
     <span class='ocr_line' id='line_1_5' title="bbox 239 713 1461 799; baseline 0.002 -21"><span class='ocrx_word' id='word_1_22' title='bbox 239 713 345 779; x_wconf 93' lang='lat' dir='ltr'>monio</span> <span class='ocrx_word' id='word_1_23' title='bbox 373 734 454 779; x_wconf 87' lang='lat' dir='ltr'>uxor</span> <span class='ocrx_word' id='word_1_24' title='bbox 486 734 545 780; x_wconf 86' lang='lat' dir='ltr'>sua</span> <span class='ocrx_word' id='word_1_25' title='bbox 578 714 698 781; x_wconf 88' lang='lat' dir='ltr'>habere</span> <span class='ocrx_word' id='word_1_26' title='bbox 726 714 832 799; x_wconf 90' lang='lat' dir='ltr'>coepit</span> <span class='ocrx_word' id='word_1_27' title='bbox 843 714 877 799; x_wconf 88' lang='lat'>¹),</span> <span class='ocrx_word' id='word_1_28' title='bbox 912 735 984 779; x_wconf 92' lang='lat' dir='ltr'>cum</span> <span class='ocrx_word' id='word_1_29' title='bbox 1017 716 1059 781; x_wconf 89' lang='lat' dir='ltr'>ab</span> <span class='ocrx_word' id='word_1_30' title='bbox 1082 716 1254 781; x_wconf 81' lang='lat' dir='ltr'>Aristotele</span> <span class='ocrx_word' id='word_1_31' title='bbox 1275 714 1461 781; x_wconf 80' lang='lat' dir='ltr'>Plutarcho</span> 
     </span>
     <span class='ocr_line' id='line_1_6' title="bbox 240 817 1458 902; baseline 0 -19"><span class='ocrx_word' id='word_1_32' title='bbox 240 817 380 883; x_wconf 83' lang='lat' dir='ltr'>Stohaeo</span> <span class='ocrx_word' id='word_1_33' title='bbox 396 818 536 883; x_wconf 91' lang='lat' dir='ltr'>omnium</span> <span class='ocrx_word' id='word_1_34' title='bbox 551 818 706 883; x_wconf 90' lang='lat' dir='ltr'>bonorum</span> <span class='ocrx_word' id='word_1_35' title='bbox 722 818 901 883; x_wconf 86' lang='lat' dir='ltr'>communio</span> <span class='ocrx_word' id='word_1_36' title='bbox 914 817 1158 902; x_wconf 80' lang='lat' dir='ltr'>diligentissime</span> <span class='ocrx_word' id='word_1_37' title='bbox 1170 818 1458 901; x_wconf 59' lang='lat' dir='ltr'>commendetnrb.</span> 
     </span>
     <span class='ocr_line' id='line_1_7' title="bbox 239 920 1457 1006; baseline 0.002 -22"><span class='ocrx_word' id='word_1_38' title='bbox 239 920 355 985; x_wconf 89' lang='lat' dir='ltr'>Missas</span> <span class='ocrx_word' id='word_1_39' title='bbox 378 920 462 986; x_wconf 86' lang='lat' dir='ltr'>facio</span> <span class='ocrx_word' id='word_1_40' title='bbox 486 921 642 1006; x_wconf 87' lang='lat' dir='ltr'>epioleros</span> <span class='ocrx_word' id='word_1_41' title='bbox 664 920 799 1004; x_wconf 84' lang='lat' dir='ltr'>Atticas,</span> <span class='ocrx_word' id='word_1_42' title='bbox 823 921 851 985; x_wconf 92' lang='lat' dir='ltr'>si</span> <span class='ocrx_word' id='word_1_43' title='bbox 873 920 1002 1003; x_wconf 90' lang='lat' dir='ltr'>quidem</span> <span class='ocrx_word' id='word_1_44' title='bbox 1024 921 1099 987; x_wconf 89' lang='lat' dir='ltr'>filiis</span> <span class='ocrx_word' id='word_1_45' title='bbox 1121 942 1185 987; x_wconf 91' lang='lat' dir='ltr'>non</span> <span class='ocrx_word' id='word_1_46' title='bbox 1207 922 1328 988; x_wconf 88' lang='lat' dir='ltr'>adultis</span> <span class='ocrx_word' id='word_1_47' title='bbox 1343 929 1457 988; x_wconf 90' lang='lat' dir='ltr'>utrum</span> 
     </span>
     <span class='ocr_line' id='line_1_8' title="bbox 238 1022 1459 1111; baseline 0.002 -25"><span class='ocrx_word' id='word_1_48' title='bbox 238 1022 330 1108; x_wconf 85' lang='lat' dir='ltr'>ipsae</span> <span class='ocrx_word' id='word_1_49' title='bbox 353 1044 400 1088; x_wconf 92' lang='lat' dir='ltr'>an</span> <span class='ocrx_word' id='word_1_50' title='bbox 417 1024 524 1088; x_wconf 86' lang='lat' dir='ltr'>mariti</span> <span class='ocrx_word' id='word_1_51' title='bbox 552 1024 637 1089; x_wconf 86' lang='lat' dir='ltr'>bona</span> <span class='ocrx_word' id='word_1_52' title='bbox 665 1023 868 1109; x_wconf 87' lang='lat' dir='ltr'>possederint</span> <span class='ocrx_word' id='word_1_53' title='bbox 895 1022 976 1088; x_wconf 93' lang='lat' dir='ltr'>nihil</span> <span class='ocrx_word' id='word_1_54' title='bbox 998 1030 1138 1091; x_wconf 82' lang='lat' dir='ltr'>constat:</span> <span class='ocrx_word' id='word_1_55' title='bbox 1172 1045 1368 1109; x_wconf 88' lang='lat' dir='ltr'>quamquam</span> <span class='ocrx_word' id='word_1_56' title='bbox 1397 1045 1459 1111; x_wconf 89' lang='lat' dir='ltr'>per</span> 
     </span>
     <span class='ocr_line' id='line_1_9' title="bbox 239 1125 1458 1212; baseline 0.001 -21"><span class='ocrx_word' id='word_1_57' title='bbox 239 1144 274 1191; x_wconf 88' lang='lat' dir='ltr'>se</span> <span class='ocrx_word' id='word_1_58' title='bbox 296 1125 377 1190; x_wconf 88' lang='lat' dir='ltr'>illud</span> <span class='ocrx_word' id='word_1_59' title='bbox 398 1126 465 1191; x_wconf 86' lang='lat' dir='ltr'>veri</span> <span class='ocrx_word' id='word_1_60' title='bbox 482 1132 530 1191; x_wconf 88' lang='lat' dir='ltr'>est</span> <span class='ocrx_word' id='word_1_61' title='bbox 545 1126 689 1193; x_wconf 87' lang='lat' dir='ltr'>similius.</span> <span class='ocrx_word' id='word_1_62' title='bbox 733 1125 883 1212; x_wconf 84' lang='lat' dir='ltr'>Thespiis</span> <span class='ocrx_word' id='word_1_63' title='bbox 899 1127 986 1192; x_wconf 88' lang='lat' dir='ltr'>eirca</span> <span class='ocrx_word' id='word_1_64' title='bbox 1002 1148 1120 1192; x_wconf 89' lang='lat' dir='ltr'>annum</span> <span class='ocrx_word' id='word_1_65' title='bbox 1136 1129 1181 1195; x_wconf 82' lang='lat' dir='ltr'>aC</span> <span class='ocrx_word' id='word_1_66' title='bbox 1197 1128 1458 1195; x_wconf 85' lang='lat' dir='ltr'>ducentesimum</span> 
     </span>
     <span class='ocr_line' id='line_1_10' title="bbox 237 1228 1459 1316; baseline 0.002 -21"><span class='ocrx_word' id='word_1_67' title='bbox 237 1228 390 1295; x_wconf 86' lang='lat' dir='ltr'>Nioareta</span> <span class='ocrx_word' id='word_1_68' title='bbox 412 1228 446 1293; x_wconf 91' lang='lat' dir='ltr'>in</span> <span class='ocrx_word' id='word_1_69' title='bbox 467 1228 669 1295; x_wconf 88' lang='lat' dir='ltr'>matrimonio</span> <span class='ocrx_word' id='word_1_70' title='bbox 698 1250 849 1313; x_wconf 84' lang='lat' dir='ltr'>magnam</span> <span class='ocrx_word' id='word_1_71' title='bbox 877 1230 950 1316; x_wconf 91' lang='lat' dir='ltr'>ipsa</span> <span class='ocrx_word' id='word_1_72' title='bbox 978 1231 1148 1315; x_wconf 86' lang='lat' dir='ltr'>pecuniam</span> <span class='ocrx_word' id='word_1_73' title='bbox 1174 1232 1273 1298; x_wconf 85' lang='lat' dir='ltr'>habet</span> <span class='ocrx_word' id='word_1_74' title='bbox 1283 1232 1316 1315; x_wconf 83' lang='lat'>³).</span> <span class='ocrx_word' id='word_1_75' title='bbox 1361 1232 1459 1297; x_wconf 89' lang='lat' dir='ltr'>Idem</span> 
     </span>
     <span class='ocr_line' id='line_1_11' title="bbox 238 1330 1347 1417; baseline 0.005 -22"><span class='ocrx_word' id='word_1_76' title='bbox 238 1330 499 1417; x_wconf 80' lang='lat' dir='ltr'>inscriptionibus</span> <span class='ocrx_word' id='word_1_77' title='bbox 521 1332 806 1399; x_wconf 86' lang='lat' dir='ltr'>manumissionum</span> <span class='ocrx_word' id='word_1_78' title='bbox 829 1332 1049 1400; x_wconf 86' lang='lat' dir='ltr'>Orchomeniis</span> <span class='ocrx_word' id='word_1_79' title='bbox 1070 1333 1224 1401; x_wconf 90' lang='lat' dir='ltr'>docemur</span> <span class='ocrx_word' id='word_1_80' title='bbox 1244 1336 1347 1401; x_wconf 87' lang='lat' dir='ltr'>velut:</span> 
     </span>
     <span class='ocr_line' id='line_1_12' title="bbox 281 1426 1457 1523; baseline 0.003 -24"><span class='ocrx_word' id='word_1_81' title='bbox 281 1432 369 1499; x_wconf 81' lang='grc' dir='ltr'>Κλιώ</span> <span class='ocrx_word' id='word_1_82' title='bbox 396 1426 531 1521; x_wconf 78' lang='grc' dir='ltr'>Δαρηνιο</span> <span class='ocrx_word' id='word_1_83' title='bbox 563 1434 606 1521; x_wconf 81' lang='grc' dir='ltr'>κη</span> <span class='ocrx_word' id='word_1_84' title='bbox 637 1435 724 1522; x_wconf 74' lang='grc' dir='ltr'><strong>Τιμὼ</strong></span> <span class='ocrx_word' id='word_1_85' title='bbox 751 1435 955 1521; x_wconf 81' lang='grc' dir='ltr'>Μενεστράτιο</span> <span class='ocrx_word' id='word_1_86' title='bbox 989 1429 1140 1503; x_wconf 71' lang='grc' dir='ltr'>ἀντίθεντι</span> <span class='ocrx_word' id='word_1_87' title='bbox 1172 1439 1239 1503; x_wconf 79' lang='grc' dir='ltr'>κτλ·</span> <span class='ocrx_word' id='word_1_88' title='bbox 1272 1446 1382 1523; x_wconf 77' lang='grc' dir='ltr'>παρεῖς</span> <span class='ocrx_word' id='word_1_89' title='bbox 1415 1444 1457 1522; x_wconf 83' lang='grc' dir='ltr'>τῆ</span> 
     </span>
     <span class='ocr_line' id='line_1_13' title="bbox 280 1537 1457 1626; baseline 0.003 -25"><span class='ocrx_word' id='word_1_90' title='bbox 280 1537 379 1603; x_wconf 82' lang='grc' dir='ltr'>Κλιῶι</span> <span class='ocrx_word' id='word_1_91' title='bbox 400 1539 470 1623; x_wconf 84' lang='grc' dir='ltr'>φιλο</span> <span class='ocrx_word' id='word_1_92' title='bbox 493 1538 693 1617; x_wconf 71' lang='grc' dir='ltr'>Καλονιλίδας</span> <span class='ocrx_word' id='word_1_93' title='bbox 715 1539 945 1626; x_wconf 79' lang='grc' dir='ltr'>Καλλιγέτονος,</span> <span class='ocrx_word' id='word_1_94' title='bbox 967 1540 1033 1606; x_wconf 87' lang='grc' dir='ltr'>Μεν</span> <span class='ocrx_word' id='word_1_95' title='bbox 1045 1559 1138 1576; x_wconf 87' lang='lat'><strong>·····</strong></span> <span class='ocrx_word' id='word_1_96' title='bbox 1151 1542 1194 1606; x_wconf 82' lang='grc' dir='ltr'>τῶ</span> <span class='ocrx_word' id='word_1_97' title='bbox 1216 1543 1305 1624; x_wconf 80' lang='grc' dir='ltr'>δῖνος,</span> <span class='ocrx_word' id='word_1_98' title='bbox 1333 1540 1457 1606; x_wconf 89' lang='grc' dir='ltr'>Καλλι-</span> 
     </span>
     <span class='ocr_line' id='line_1_14' title="bbox 282 1641 1454 1730; baseline 0.001 -25"><span class='ocrx_word' id='word_1_99' title='bbox 282 1641 372 1727; x_wconf 81' lang='grc' dir='ltr'>γέτιον</span> <span class='ocrx_word' id='word_1_100' title='bbox 387 1641 590 1707; x_wconf 77' lang='grc' dir='ltr'>Καλοκλέδαο</span> <span class='ocrx_word' id='word_1_101' title='bbox 606 1644 649 1729; x_wconf 69' lang='grc' dir='ltr'>τιν’]</span> <span class='ocrx_word' id='word_1_102' title='bbox 665 1644 703 1728; x_wconf 75' lang='grc' dir='ltr'>τῆ</span> <span class='ocrx_word' id='word_1_103' title='bbox 720 1644 818 1729; x_wconf 83' lang='grc' dir='ltr'><strong>Τιμῶι</strong></span> <span class='ocrx_word' id='word_1_104' title='bbox 841 1642 858 1708; x_wconf 82' lang='grc' dir='ltr'>ὁ</span> <span class='ocrx_word' id='word_1_105' title='bbox 874 1642 957 1728; x_wconf 85' lang='grc' dir='ltr'>ἀνεὶρ</span> <span class='ocrx_word' id='word_1_106' title='bbox 972 1642 1173 1722; x_wconf 74' lang='grc' dir='ltr'>Καλονιλίδας</span> <span class='ocrx_word' id='word_1_107' title='bbox 1188 1643 1454 1730; x_wconf 72' lang='grc' dir='ltr'>Καλλιγέτονος*).</span> 
     </span>
     <span class='ocr_line' id='line_1_15' title="bbox 239 1745 979 1832; baseline 0 -21"><span class='ocrx_word' id='word_1_108' title='bbox 239 1766 278 1811; x_wconf 87' lang='lat' dir='ltr'>ao</span> <span class='ocrx_word' id='word_1_109' title='bbox 301 1745 413 1811; x_wconf 87' lang='lat' dir='ltr'>titulus</span> <span class='ocrx_word' id='word_1_110' title='bbox 436 1746 644 1813; x_wconf 81' lang='lat' dir='ltr'>Chaeroneae</span> <span class='ocrx_word' id='word_1_111' title='bbox 666 1753 812 1832; x_wconf 88' lang='lat' dir='ltr'>repertus</span> <span class='ocrx_word' id='word_1_112' title='bbox 834 1746 979 1812; x_wconf 86' lang='lat' dir='ltr'>exhibet:</span> 
     </span>
     <span class='ocr_line' id='line_1_16' title="bbox 282 1848 1455 1936; baseline 0.003 -24"><span class='ocrx_word' id='word_1_113' title='bbox 282 1848 463 1935; x_wconf 84' lang='grc' dir='ltr'>Τηλεμαχὶς</span> <span class='ocrx_word' id='word_1_114' title='bbox 495 1848 657 1936; x_wconf 79' lang='grc' dir='ltr'>Εὐβούλου</span> <span class='ocrx_word' id='word_1_115' title='bbox 695 1848 847 1935; x_wconf 85' lang='grc' dir='ltr'>παρόντος</span> <span class='ocrx_word' id='word_1_116' title='bbox 885 1848 963 1936; x_wconf 69' lang='grc' dir='ltr'>αὐτῇ</span> <span class='ocrx_word' id='word_1_117' title='bbox 996 1850 1050 1914; x_wconf 78' lang='grc' dir='ltr'>τοῦ</span> <span class='ocrx_word' id='word_1_118' title='bbox 1084 1849 1193 1936; x_wconf 85' lang='grc' dir='ltr'>ἀνδρὸς</span> <span class='ocrx_word' id='word_1_119' title='bbox 1225 1850 1365 1929; x_wconf 81' lang='grc' dir='ltr'>Μέλωνος</span> <span class='ocrx_word' id='word_1_120' title='bbox 1399 1850 1455 1915; x_wconf 85' lang='grc' dir='ltr'>τοῦ</span> 
     </span>
     <span class='ocr_line' id='line_1_17' title="bbox 277 1948 649 2038; baseline 0.005 -23"><span class='ocrx_word' id='word_1_121' title='bbox 277 1948 416 2017; x_wconf 82' lang='grc' dir='ltr'>Ἱππίνου</span> <span class='ocrx_word' id='word_1_122' title='bbox 439 1950 649 2038; x_wconf 54' lang='grc' dir='ltr'>ἀνατέθησιῦ),</span> 
     </span>
     <span class='ocr_line' id='line_1_18' title="bbox 238 2054 672 2139; baseline -0.005 -18"><span class='ocrx_word' id='word_1_123' title='bbox 238 2074 310 2121; x_wconf 90' lang='lat' dir='ltr'>eum</span> <span class='ocrx_word' id='word_1_124' title='bbox 332 2054 365 2119; x_wconf 94' lang='lat' dir='ltr'>in</span> <span class='ocrx_word' id='word_1_125' title='bbox 388 2055 452 2121; x_wconf 90' lang='lat' dir='ltr'>alio</span> <span class='ocrx_word' id='word_1_126' title='bbox 475 2056 622 2139; x_wconf 80' lang='lat' dir='ltr'>legamus</span> <span class='ocrx_word' id='word_1_127' title='bbox 634 2055 672 2137; x_wconf 75' lang='grc'>6);</span> 
     </span>
     <span class='ocr_line' id='line_1_19' title="bbox 279 2153 1237 2245; baseline 0.001 -23"><span class='ocrx_word' id='word_1_128' title='bbox 279 2156 385 2223; x_wconf 79' lang='grc' dir='ltr'>Μίλων</span> <span class='ocrx_word' id='word_1_129' title='bbox 403 2155 542 2224; x_wconf 81' lang='grc' dir='ltr'>Ἱππίνου</span> <span class='ocrx_word' id='word_1_130' title='bbox 564 2160 619 2222; x_wconf 80' lang='grc' dir='ltr'>καὶ</span> <span class='ocrx_word' id='word_1_131' title='bbox 640 2157 822 2244; x_wconf 78' lang='grc' dir='ltr'>Τηλεμαχὶς</span> <span class='ocrx_word' id='word_1_132' title='bbox 843 2156 1006 2245; x_wconf 81' lang='grc' dir='ltr'>Εὐβούλου</span> <span class='ocrx_word' id='word_1_133' title='bbox 1029 2153 1237 2223; x_wconf 71' lang='grc' dir='ltr'><strong>ἀνατιθέασιν.</strong></span> 
     </span>
     <span class='ocr_line' id='line_1_20' title="bbox 237 2259 1161 2347; baseline -0.002 -22"><span class='ocrx_word' id='word_1_134' title='bbox 237 2260 328 2327; x_wconf 89' lang='lat' dir='ltr'>Idem</span> <span class='ocrx_word' id='word_1_135' title='bbox 351 2260 552 2327; x_wconf 85' lang='lat' dir='ltr'>differentiae</span> <span class='ocrx_word' id='word_1_136' title='bbox 574 2261 743 2327; x_wconf 87' lang='lat' dir='ltr'>intercedit</span> <span class='ocrx_word' id='word_1_137' title='bbox 764 2262 847 2327; x_wconf 89' lang='lat' dir='ltr'>inter</span> <span class='ocrx_word' id='word_1_138' title='bbox 868 2259 1044 2347; x_wconf 90' lang='lat' dir='ltr'>Delphicos</span> <span class='ocrx_word' id='word_1_139' title='bbox 1066 2260 1161 2326; x_wconf 87' lang='lat' dir='ltr'>duos:</span> 
     </span>
     <span class='ocr_line' id='line_1_21' title="bbox 282 2358 1440 2451; baseline 0 -23"><span class='ocrx_word' id='word_1_140' title='bbox 282 2362 415 2430; x_wconf 78' lang='grc' dir='ltr'>ἀπέδοτο</span> <span class='ocrx_word' id='word_1_141' title='bbox 437 2364 543 2451; x_wconf 77' lang='grc' dir='ltr'>Λέρνον</span> <span class='ocrx_word' id='word_1_142' title='bbox 564 2364 818 2441; x_wconf 82' lang='grc' dir='ltr'>συνευδοκέοντος</span> <span class='ocrx_word' id='word_1_143' title='bbox 839 2366 893 2429; x_wconf 79' lang='grc' dir='ltr'>καὶ</span> <span class='ocrx_word' id='word_1_144' title='bbox 914 2364 969 2428; x_wconf 84' lang='grc' dir='ltr'>τοῦ</span> <span class='ocrx_word' id='word_1_145' title='bbox 991 2358 1099 2448; x_wconf 82' lang='grc' dir='ltr'>ἀνδρὸς</span> <span class='ocrx_word' id='word_1_146' title='bbox 1115 2362 1209 2442; x_wconf 80' lang='grc' dir='ltr'>αὐτᾶς</span> <span class='ocrx_word' id='word_1_147' title='bbox 1224 2362 1393 2450; x_wconf 83' lang='grc' dir='ltr'>Θευγένεος</span> <span class='ocrx_word' id='word_1_148' title='bbox 1405 2365 1440 2448; x_wconf 75' lang='lat'>⁷),</span> 
     </span>
     <span class='ocr_line' id='line_1_22' title="bbox 282 2466 877 2555; baseline -0.002 -22"><span class='ocrx_word' id='word_1_149' title='bbox 282 2466 432 2535; x_wconf 79' lang='grc' dir='ltr'>ἀπέδοντο</span> <span class='ocrx_word' id='word_1_150' title='bbox 455 2467 612 2555; x_wconf 77' lang='grc' dir='ltr'>Θεογένης</span> <span class='ocrx_word' id='word_1_151' title='bbox 634 2470 688 2534; x_wconf 77' lang='grc' dir='ltr'>καὶ</span> <span class='ocrx_word' id='word_1_152' title='bbox 709 2466 832 2552; x_wconf 78' lang='grc' dir='ltr'>Λεέριον</span> <span class='ocrx_word' id='word_1_153' title='bbox 843 2467 877 2553; x_wconf 85' lang='lat'>⁸).</span> 
     </span>
     <span class='ocr_line' id='line_1_23' title="bbox 238 2568 1450 2658; baseline -0.001 -22"><span class='ocrx_word' id='word_1_154' title='bbox 238 2573 360 2639; x_wconf 87' lang='lat' dir='ltr'>Horum</span> <span class='ocrx_word' id='word_1_155' title='bbox 382 2574 593 2658; x_wconf 87' lang='lat' dir='ltr'>posteriorum</span> <span class='ocrx_word' id='word_1_156' title='bbox 616 2572 712 2638; x_wconf 84' lang='lat' dir='ltr'>facile</span> <span class='ocrx_word' id='word_1_157' title='bbox 726 2572 834 2636; x_wconf 87' lang='lat' dir='ltr'>verbis</span> <span class='ocrx_word' id='word_1_158' title='bbox 853 2571 934 2655; x_wconf 91' lang='lat' dir='ltr'>ipsis</span> <span class='ocrx_word' id='word_1_159' title='bbox 956 2590 1009 2637; x_wconf 90' lang='lat' dir='ltr'>res</span> <span class='ocrx_word' id='word_1_160' title='bbox 1031 2590 1066 2637; x_wconf 90' lang='lat' dir='ltr'>se</span> <span class='ocrx_word' id='word_1_161' title='bbox 1088 2571 1135 2636; x_wconf 88' lang='lat' dir='ltr'>ita</span> <span class='ocrx_word' id='word_1_162' title='bbox 1156 2569 1276 2636; x_wconf 87' lang='lat' dir='ltr'>habere</span> <span class='ocrx_word' id='word_1_163' title='bbox 1291 2568 1450 2656; x_wconf 84' lang='lat' dir='ltr'>videntur,</span> 
     </span>
     <span class='ocr_line' id='line_1_24' title="bbox 238 2673 1450 2760; baseline 0.001 -22"><span class='ocrx_word' id='word_1_164' title='bbox 238 2679 273 2738; x_wconf 92' lang='lat' dir='ltr'>ut</span> <span class='ocrx_word' id='word_1_165' title='bbox 301 2674 334 2739; x_wconf 90' lang='lat' dir='ltr'>in</span> <span class='ocrx_word' id='word_1_166' title='bbox 361 2676 452 2742; x_wconf 88' lang='lat' dir='ltr'>N31</span> <span class='ocrx_word' id='word_1_167' title='bbox 487 2676 596 2740; x_wconf 86' lang='lat' dir='ltr'>uxoris</span> <span class='ocrx_word' id='word_1_168' title='bbox 629 2674 793 2760; x_wconf 88' lang='lat' dir='ltr'>proprium</span> <span class='ocrx_word' id='word_1_169' title='bbox 825 2673 1022 2758; x_wconf 84' lang='lat' dir='ltr'>mancipium</span> <span class='ocrx_word' id='word_1_170' title='bbox 1049 2673 1100 2757; x_wconf 89' lang='lat' dir='ltr'>sit,</span> <span class='ocrx_word' id='word_1_171' title='bbox 1129 2673 1162 2737; x_wconf 90' lang='lat' dir='ltr'>in</span> <span class='ocrx_word' id='word_1_172' title='bbox 1189 2673 1220 2740; x_wconf 88' lang='lat' dir='ltr'>N</span> <span class='ocrx_word' id='word_1_173' title='bbox 1247 2674 1308 2738; x_wconf 76' lang='lat'>277</span> <span class='ocrx_word' id='word_1_174' title='bbox 1343 2679 1450 2739; x_wconf 87' lang='lat' dir='ltr'>autem</span> 
     </span>
     <span class='ocr_line' id='line_1_25' title="bbox 239 2773 1449 2862; baseline 0 -20"><span class='ocrx_word' id='word_1_175' title='bbox 239 2777 428 2862; x_wconf 85' lang='lat' dir='ltr'>coniugibus</span> <span class='ocrx_word' id='word_1_176' title='bbox 451 2798 628 2859; x_wconf 83' lang='lat' dir='ltr'>commune,</span> <span class='ocrx_word' id='word_1_177' title='bbox 652 2797 723 2842; x_wconf 88' lang='lat' dir='ltr'>oum</span> <span class='ocrx_word' id='word_1_178' title='bbox 746 2777 846 2841; x_wconf 87' lang='lat' dir='ltr'>verba</span> <span class='ocrx_word' id='word_1_179' title='bbox 861 2775 940 2841; x_wconf 89' lang='lat' dir='ltr'>fiant</span> <span class='ocrx_word' id='word_1_180' title='bbox 954 2775 1051 2841; x_wconf 88' lang='lat' dir='ltr'>haec:</span> <span class='ocrx_word' id='word_1_181' title='bbox 1073 2775 1195 2861; x_wconf 82' lang='grc' dir='ltr'>κορίδια</span> <span class='ocrx_word' id='word_1_182' title='bbox 1217 2774 1273 2841; x_wconf 84' lang='grc' dir='ltr'>δύο</span> <span class='ocrx_word' id='word_1_183' title='bbox 1291 2773 1312 2840; x_wconf 81' lang='grc' dir='ltr'>οἳ</span> <span class='ocrx_word' id='word_1_184' title='bbox 1327 2776 1449 2861; x_wconf 68' lang='grc' dir='ltr'>ἐξεθρέ·</span> 
     </span>
     <span class='ocr_line' id='line_1_26' title="bbox 239 2877 1447 2966; baseline 0.002 -23"><span class='ocrx_word' id='word_1_185' title='bbox 239 2879 336 2962; x_wconf 81' lang='grc' dir='ltr'>ψαντο</span> <span class='ocrx_word' id='word_1_186' title='bbox 360 2877 455 2962; x_wconf 71' lang='lat' dir='ltr'>absol,</span> <span class='ocrx_word' id='word_1_187' title='bbox 479 2887 525 2945; x_wconf 91' lang='lat' dir='ltr'>et:</span> <span class='ocrx_word' id='word_1_188' title='bbox 549 2878 800 2966; x_wconf 81' lang='grc' dir='ltr'>παραμεινάντων</span> <span class='ocrx_word' id='word_1_189' title='bbox 815 2881 851 2943; x_wconf 84' lang='grc' dir='ltr'>δέ</span> <span class='ocrx_word' id='word_1_190' title='bbox 865 2877 965 2944; x_wconf 71' lang='lat' dir='ltr'>&gt;leuel</span> <span class='ocrx_word' id='word_1_191' title='bbox 979 2881 1034 2942; x_wconf 80' lang='grc' dir='ltr'>καὶ</span> <span class='ocrx_word' id='word_1_192' title='bbox 1048 2878 1190 2944; x_wconf 77' lang='grc' dir='ltr'>Διονυσία</span> <span class='ocrx_word' id='word_1_193' title='bbox 1206 2879 1294 2964; x_wconf 80' lang='grc' dir='ltr'>παρὰ</span> <span class='ocrx_word' id='word_1_194' title='bbox 1308 2877 1447 2966; x_wconf 78' lang='grc' dir='ltr'>Θεαγένη</span> 
     </span>
     <span class='ocr_line' id='line_1_27' title="bbox 239 2980 1450 3068; baseline 0.001 -22"><span class='ocrx_word' id='word_1_195' title='bbox 239 2980 404 3067; x_wconf 80' lang='grc' dir='ltr'>καὶΛέριον</span> <span class='ocrx_word' id='word_1_196' title='bbox 419 2981 455 3060; x_wconf 86' lang='grc' dir='ltr'>ἇς</span> <span class='ocrx_word' id='word_1_197' title='bbox 469 3005 512 3047; x_wconf 84' lang='grc' dir='ltr'>κα</span> <span class='ocrx_word' id='word_1_198' title='bbox 523 2981 639 3062; x_wconf 78' lang='grc' dir='ltr'>ζώοντι</span> <span class='ocrx_word' id='word_1_199' title='bbox 650 2980 808 3067; x_wconf 81' lang='grc' dir='ltr'>Θεογένης</span> <span class='ocrx_word' id='word_1_200' title='bbox 822 2984 876 3045; x_wconf 81' lang='grc' dir='ltr'>καὶ</span> <span class='ocrx_word' id='word_1_201' title='bbox 886 2981 1001 3067; x_wconf 77' lang='grc' dir='ltr'>Λέρνον,</span> <span class='ocrx_word' id='word_1_202' title='bbox 1017 2988 1063 3047; x_wconf 86' lang='lat' dir='ltr'>et:</span> <span class='ocrx_word' id='word_1_203' title='bbox 1086 2980 1190 3067; x_wconf 80' lang='grc' dir='ltr'>κύριος</span> <span class='ocrx_word' id='word_1_204' title='bbox 1202 2983 1280 3046; x_wconf 81' lang='grc' dir='ltr'>ἔστω</span> <span class='ocrx_word' id='word_1_205' title='bbox 1295 2980 1450 3068; x_wconf 83' lang='grc' dir='ltr'>Θεογένης</span> 
     </span>
     <span class='ocr_line' id='line_1_28' title="bbox 238 3084 1449 3176; baseline 0.002 -28"><span class='ocrx_word' id='word_1_206' title='bbox 238 3087 293 3149; x_wconf 80' lang='grc' dir='ltr'>καὶ</span> <span class='ocrx_word' id='word_1_207' title='bbox 314 3084 419 3171; x_wconf 81' lang='grc' dir='ltr'>Λίριον</span> <span class='ocrx_word' id='word_1_208' title='bbox 451 3084 646 3164; x_wconf 77' lang='grc' dir='ltr'>κολάζοντες.</span> <span class='ocrx_word' id='word_1_209' title='bbox 696 3085 925 3176; x_wconf 86' lang='lat' dir='ltr'>Discrepantia</span> <span class='ocrx_word' id='word_1_210' title='bbox 954 3105 1021 3168; x_wconf 83' lang='lat' dir='ltr'>qua</span> <span class='ocrx_word' id='word_1_211' title='bbox 1055 3085 1180 3151; x_wconf 87' lang='lat' dir='ltr'>ratione</span> <span class='ocrx_word' id='word_1_212' title='bbox 1216 3085 1449 3171; x_wconf 85' lang='lat' dir='ltr'>explicabitur?</span> 
     </span>
     <span class='ocr_line' id='line_1_29' title="bbox 240 3187 1446 3275; baseline 0 -21"><span class='ocrx_word' id='word_1_213' title='bbox 240 3188 449 3254; x_wconf 81' lang='lat' dir='ltr'>Contenderit</span> <span class='ocrx_word' id='word_1_214' title='bbox 470 3188 629 3275; x_wconf 87' lang='lat' dir='ltr'>quispiam</span> <span class='ocrx_word' id='word_1_215' title='bbox 650 3189 684 3253; x_wconf 91' lang='lat' dir='ltr'>in</span> <span class='ocrx_word' id='word_1_216' title='bbox 706 3189 810 3253; x_wconf 88' lang='lat' dir='ltr'>titulis</span> <span class='ocrx_word' id='word_1_217' title='bbox 831 3188 897 3253; x_wconf 90' lang='lat' dir='ltr'>illis</span> <span class='ocrx_word' id='word_1_218' title='bbox 912 3187 1059 3253; x_wconf 90' lang='lat' dir='ltr'>omnihus</span> <span class='ocrx_word' id='word_1_219' title='bbox 1079 3225 1122 3235; x_wconf 92' lang='lat'><em>-</em></span> <span class='ocrx_word' id='word_1_220' title='bbox 1144 3207 1225 3270; x_wconf 89' lang='lat' dir='ltr'>quos</span> <span class='ocrx_word' id='word_1_221' title='bbox 1245 3207 1308 3253; x_wconf 92' lang='lat' dir='ltr'>non</span> <span class='ocrx_word' id='word_1_222' title='bbox 1332 3207 1370 3252; x_wconf 84' lang='lat' dir='ltr'>ox</span> <span class='ocrx_word' id='word_1_223' title='bbox 1384 3208 1446 3254; x_wconf 92' lang='lat' dir='ltr'>uno</span> 
     </span>
     <span class='ocr_line' id='line_1_30' title="bbox 241 3289 1446 3376; baseline -0.002 -18"><span class='ocrx_word' id='word_1_224' title='bbox 241 3290 360 3376; x_wconf 86' lang='lat' dir='ltr'>oppido</span> <span class='ocrx_word' id='word_1_225' title='bbox 389 3290 545 3358; x_wconf 88' lang='lat' dir='ltr'>habemus</span> <span class='ocrx_word' id='word_1_226' title='bbox 572 3292 690 3358; x_wconf 88' lang='lat' dir='ltr'>allatos</span> <span class='ocrx_word' id='word_1_227' title='bbox 718 3329 761 3339; x_wconf 93' lang='lat'><em>-</em></span> <span class='ocrx_word' id='word_1_228' title='bbox 788 3311 824 3356; x_wconf 91' lang='lat' dir='ltr'>re</span> <span class='ocrx_word' id='word_1_229' title='bbox 856 3310 934 3356; x_wconf 86' lang='lat' dir='ltr'>vera</span> <span class='ocrx_word' id='word_1_230' title='bbox 967 3309 1094 3355; x_wconf 85' lang='lat' dir='ltr'>serrum</span> <span class='ocrx_word' id='word_1_231' title='bbox 1117 3289 1217 3355; x_wconf 91' lang='lat' dir='ltr'>solius</span> <span class='ocrx_word' id='word_1_232' title='bbox 1244 3291 1351 3355; x_wconf 86' lang='lat' dir='ltr'>mariti</span> <span class='ocrx_word' id='word_1_233' title='bbox 1378 3310 1446 3356; x_wconf 89' lang='lat' dir='ltr'>esse</span> 
     </span>
    </p>
   </div>
   <div class='ocr_carea' id='block_1_4' title="bbox 239 3493 440 3502">
    <p class='ocr_par' dir='ltr' id='par_1_4' title="bbox 239 3493 440 3502">
     <span class='ocr_line' id='line_1_31' title="bbox 239 3493 440 3502; baseline -0.01 0"><span class='ocrx_word' id='word_1_234' title='bbox 239 3493 440 3502; x_wconf 66' lang='lat'><strong>———&lt;-—----</strong></span> 
     </span>
    </p>
   </div>
   <div class='ocr_carea' id='block_1_5' title="bbox 232 3615 1443 4380">
    <p class='ocr_par' dir='ltr' id='par_1_5' title="bbox 239 3615 1442 3774">
     <span class='ocr_line' id='line_1_32' title="bbox 327 3615 1442 3687; baseline 0.001 -15"><span class='ocrx_word' id='word_1_235' title='bbox 327 3617 347 3686; x_wconf 86' lang='grc'>1)</span> <span class='ocrx_word' id='word_1_236' title='bbox 384 3617 463 3672; x_wconf 84' lang='lat' dir='ltr'>Sicut</span> <span class='ocrx_word' id='word_1_237' title='bbox 490 3617 566 3686; x_wconf 87' lang='lat' dir='ltr'>apud</span> <span class='ocrx_word' id='word_1_238' title='bbox 588 3617 732 3673; x_wconf 86' lang='lat' dir='ltr'>Romanos</span> <span class='ocrx_word' id='word_1_239' title='bbox 750 3631 856 3672; x_wconf 82' lang='lat' dir='ltr'>uxores</span> <span class='ocrx_word' id='word_1_240' title='bbox 878 3633 962 3672; x_wconf 88' lang='lat' dir='ltr'>manu</span> <span class='ocrx_word' id='word_1_241' title='bbox 980 3618 1073 3672; x_wconf 86' lang='lat' dir='ltr'>mariti</span> <span class='ocrx_word' id='word_1_242' title='bbox 1090 3617 1225 3687; x_wconf 81' lang='lat' dir='ltr'>paulatim</span> <span class='ocrx_word' id='word_1_243' title='bbox 1243 3615 1442 3673; x_wconf 73' lang='lat' dir='ltr'>liberabantur:</span> 
     </span>
     <span class='ocr_line' id='line_1_33' title="bbox 239 3703 1281 3774; baseline 0 -15"><span class='ocrx_word' id='word_1_244' title='bbox 239 3703 281 3760; x_wconf 84' lang='lat' dir='ltr'>cfr</span> <span class='ocrx_word' id='word_1_245' title='bbox 300 3703 453 3760; x_wconf 84' lang='lat' dir='ltr'>Zachariae</span> <span class='ocrx_word' id='word_1_246' title='bbox 470 3719 529 3758; x_wconf 88' lang='lat' dir='ltr'>von</span> <span class='ocrx_word' id='word_1_247' title='bbox 546 3704 722 3774; x_wconf 73' lang='lat' dir='ltr'>Lingonthal,</span> <span class='ocrx_word' id='word_1_248' title='bbox 741 3703 836 3760; x_wconf 82' lang='lat' dir='ltr'>Geoch</span> <span class='ocrx_word' id='word_1_249' title='bbox 854 3704 873 3758; x_wconf 78' lang='lat' dir='ltr'>&lt;l</span> <span class='ocrx_word' id='word_1_250' title='bbox 891 3703 1062 3774; x_wconf 66' lang='lat' dir='ltr'>gdech-rom</span> <span class='ocrx_word' id='word_1_251' title='bbox 1080 3703 1185 3758; x_wconf 86' lang='lat' dir='ltr'>Rechts</span> <span class='ocrx_word' id='word_1_252' title='bbox 1203 3721 1222 3773; x_wconf 93' lang='lat' dir='ltr'>p</span> <span class='ocrx_word' id='word_1_253' title='bbox 1240 3704 1281 3760; x_wconf 83' lang='lat'>35.</span> 
     </span>
    </p>

    <p class='ocr_par' dir='ltr' id='par_1_6' title="bbox 240 3789 1443 3948">
     <span class='ocr_line' id='line_1_34' title="bbox 326 3789 1443 3862; baseline 0.002 -18"><span class='ocrx_word' id='word_1_254' title='bbox 326 3791 349 3860; x_wconf 76' lang='lat'>²)</span> <span class='ocrx_word' id='word_1_255' title='bbox 385 3790 506 3859; x_wconf 87' lang='lat' dir='ltr'>Aristot,</span> <span class='ocrx_word' id='word_1_256' title='bbox 524 3789 620 3845; x_wconf 89' lang='lat' dir='ltr'>Oecon</span> <span class='ocrx_word' id='word_1_257' title='bbox 638 3791 699 3860; x_wconf 86' lang='lat' dir='ltr'>VII,</span> <span class='ocrx_word' id='word_1_258' title='bbox 720 3792 760 3848; x_wconf 86' lang='lat'>13.</span> <span class='ocrx_word' id='word_1_259' title='bbox 795 3792 869 3862; x_wconf 86' lang='lat' dir='ltr'>Plut,</span> <span class='ocrx_word' id='word_1_260' title='bbox 888 3791 998 3861; x_wconf 83' lang='lat' dir='ltr'>Goniug</span> <span class='ocrx_word' id='word_1_261' title='bbox 1014 3806 1137 3860; x_wconf 87' lang='lat' dir='ltr'>praecp</span> <span class='ocrx_word' id='word_1_262' title='bbox 1158 3789 1246 3861; x_wconf 55' lang='lat'>1402.</span> <span class='ocrx_word' id='word_1_263' title='bbox 1282 3790 1353 3846; x_wconf 86' lang='lat' dir='ltr'>Stob</span> <span class='ocrx_word' id='word_1_264' title='bbox 1370 3791 1443 3847; x_wconf 87' lang='lat' dir='ltr'>Serm</span> 
     </span>
     <span class='ocr_line' id='line_1_35' title="bbox 240 3877 521 3948; baseline -0.007 -14"><span class='ocrx_word' id='word_1_265' title='bbox 240 3878 368 3948; x_wconf 88' lang='lat' dir='ltr'>LXXIV,</span> <span class='ocrx_word' id='word_1_266' title='bbox 385 3879 419 3931; x_wconf 88' lang='lat'>43</span> <span class='ocrx_word' id='word_1_267' title='bbox 438 3877 462 3931; x_wconf 69' lang='grc' dir='ltr'>Θ</span> <span class='ocrx_word' id='word_1_268' title='bbox 480 3877 521 3932; x_wconf 86' lang='grc'>44.</span> 
     </span>
    </p>

    <p class='ocr_par' dir='ltr' id='par_1_7' title="bbox 327 3963 725 4034">
     <span class='ocr_line' id='line_1_36' title="bbox 327 3963 725 4034; baseline -0.005 -15"><span class='ocrx_word' id='word_1_269' title='bbox 327 3966 348 4033; x_wconf 76' lang='lat'>³)</span> <span class='ocrx_word' id='word_1_270' title='bbox 384 3964 451 4019; x_wconf 83' lang='lat' dir='ltr'>vide</span> <span class='ocrx_word' id='word_1_271' title='bbox 470 3977 593 4033; x_wconf 87' lang='lat' dir='ltr'>suprap</span> <span class='ocrx_word' id='word_1_272' title='bbox 615 3963 645 4019; x_wconf 89' lang='grc'>18</span> <span class='ocrx_word' id='word_1_273' title='bbox 664 3979 725 4034; x_wconf 87' lang='lat' dir='ltr'>sqq.</span> 
     </span>
    </p>

    <p class='ocr_par' dir='ltr' id='par_1_8' title="bbox 326 4049 687 4120">
     <span class='ocr_line' id='line_1_37' title="bbox 326 4049 687 4120; baseline -0.006 -15"><span class='ocrx_word' id='word_1_274' title='bbox 326 4052 350 4119; x_wconf 77' lang='lat'>⁴)</span> <span class='ocrx_word' id='word_1_275' title='bbox 386 4049 511 4120; x_wconf 86' lang='lat' dir='ltr'>Larfeld,</span> <span class='ocrx_word' id='word_1_276' title='bbox 531 4049 590 4120; x_wconf 88' lang='lat' dir='ltr'>Syll</span> <span class='ocrx_word' id='word_1_277' title='bbox 608 4066 626 4119; x_wconf 95' lang='lat' dir='ltr'>p</span> <span class='ocrx_word' id='word_1_278' title='bbox 645 4050 687 4104; x_wconf 82' lang='lat'>32.</span> 
     </span>
    </p>

    <p class='ocr_par' dir='ltr' id='par_1_9' title="bbox 232 4133 664 4294">
     <span class='ocr_line' id='line_1_38' title="bbox 328 4133 664 4207; baseline -0.006 -15"><span class='ocrx_word' id='word_1_279' title='bbox 328 4139 349 4207; x_wconf 69' lang='grc' dir='ltr'>δ)</span> <span class='ocrx_word' id='word_1_280' title='bbox 382 4133 519 4204; x_wconf 68' lang='grc' dir='ltr'>Ἀθήναιον</span> <span class='ocrx_word' id='word_1_281' title='bbox 537 4136 586 4205; x_wconf 85' lang='grc' dir='ltr'>ΙΧ,</span> <span class='ocrx_word' id='word_1_282' title='bbox 605 4136 664 4191; x_wconf 90' lang='grc'><strong>357.</strong></span> 
     </span>
     <span class='ocr_line' id='line_1_39' title="bbox 232 4222 604 4294; baseline -0.003 -16"><span class='ocrx_word' id='word_1_283' title='bbox 232 4289 235 4294; x_wconf 28' lang='grc' dir='ltr'>Ι</span> <span class='ocrx_word' id='word_1_284' title='bbox 326 4225 348 4293; x_wconf 79' lang='lat'>⁶)</span> <span class='ocrx_word' id='word_1_285' title='bbox 384 4223 459 4292; x_wconf 80' lang='lat'>011,</span> <span class='ocrx_word' id='word_1_286' title='bbox 481 4222 604 4294; x_wconf 45' lang='lat'>1608}</span> 
     </span>
    </p>

    <p class='ocr_par' dir='ltr' id='par_1_10' title="bbox 326 4309 796 4380">
     <span class='ocr_line' id='line_1_40' title="bbox 326 4309 796 4380; baseline -0.004 -14"><span class='ocrx_word' id='word_1_287' title='bbox 326 4313 348 4380; x_wconf 79' lang='lat'>⁷)</span> <span class='ocrx_word' id='word_1_288' title='bbox 384 4309 654 4380; x_wconf 65' lang='lat' dir='ltr'>Weber-⁸)</span> <span class='ocrx_word' id='word_1_289' title='bbox 689 4309 718 4365; x_wconf 93' lang='lat' dir='ltr'>ih</span> <span class='ocrx_word' id='word_1_290' title='bbox 737 4310 796 4364; x_wconf 85' lang='lat'><strong>277.</strong></span> 
     </span>
    </p>
   </div>
   <div class='ocr_carea' id='block_1_6' title="bbox 0 0 1530 5025">
    <p class='ocr_par' dir='ltr' id='par_1_11' title="bbox 0 0 1530 5025">
     <span class='ocr_line' id='line_1_41' title="bbox 0 0 1530 5025; baseline 0 0"><span class='ocrx_word' id='word_1_291' title='bbox 0 0 1530 5025; x_wconf 95' lang='lat' dir='ltr'> </span> 
     </span>
    </p>
   </div>
  </div>
 </body>
</html>
