3050 5025
843 338 886 400 30

759 426 802 435 r·—
804 427 898 433 -----
905 428 961 435 -η

253 542 361 626 rito¹):
396 546 437 610 ab
471 545 544 632 ipsa
576 551 685 611 tamen
707 542 854 609 archonti
886 543 929 609 de
962 544 1099 611 divortio
1125 544 1255 610 litterae
1283 552 1357 610 sunt
1386 545 1481 610 acci-

253 645 394 732 piendae
407 648 440 732 ²),
463 648 497 714 id
518 647 607 732 quod
634 668 693 733 pro
721 646 864 712 moribus
886 653 919 712 et
941 646 1114 733 disciplina
1136 647 1305 713 mulierum
1328 648 1481 713 Graeca-

254 770 325 814 rum
361 749 448 817 baud
490 751 584 837 parvi
627 748 878 815 aestimabimus.
940 750 1064 828 Quodsi
1099 749 1344 817 Lacedaemone
1379 751 1481 816 velut

252 851 388 919 Athenis
430 855 544 920 marito
585 852 744 919 arbitratu
777 872 834 919 suo
871 853 981 919 uxoris
1017 853 1240 937 repudiandae
1275 859 1480 939 potestatem

253 955 353 1021 fuisse
385 957 505 1022 Jannet
532 978 553 1041 p
585 954 645 1020 106
673 955 848 1021 arbitratus
876 955 1032 1022 Herodoti
1058 957 1333 1023 narratiunculam
1353 957 1480 1023 laudat

254 1057 309 1142 VI,
331 1059 388 1123 62:
432 1060 556 1143 Agetus
577 1058 634 1124 ille
655 1057 798 1142 quodam
819 1059 1025 1127 iureiurando
1047 1060 1268 1144 adstringitur,
1282 1067 1318 1125 ut
1331 1081 1478 1126 uxorem

254 1161 397 1228 Aristoni
420 1161 579 1247 tradate,
608 1167 751 1227 attamen
781 1162 888 1228 Aristo
916 1182 974 1230 suo
1000 1164 1159 1229 arbitratu
1181 1164 1314 1247 abigere
1335 1184 1478 1230 uxorem

252 1265 390 1332 alteram
416 1264 553 1350 videtur,
582 1284 697 1350 nempe
728 1266 812 1332 alius
833 1286 943 1332 amore
965 1266 1183 1332 inflammatus
1205 1273 1236 1345 (c
1257 1266 1298 1331 63
1319 1266 1402 1349 init).
1427 1304 1477 1315 -

251 1368 400 1435 Sterilem
422 1388 555 1434 uxorem
576 1367 725 1433 nimirum
747 1368 880 1452 abigere
902 1369 1002 1453 licuit,
1024 1370 1052 1436 si
1074 1369 1204 1453 quidem
1227 1370 1354 1435 omnino
1376 1376 1475 1435 recte

236 1460 392 1553 ¹‘studium
420 1471 564 1538 familiae
592 1470 834 1539 conservandae
861 1472 895 1538 in
922 1473 1049 1556 legibus
1077 1479 1110 1539 et
1132 1472 1304 1558 disciplina
1326 1472 1476 1539 Graeco-

251 1596 321 1640 rum
344 1575 557 1659 cognoscitur.
602 1576 721 1642 Contra
743 1574 833 1659 apnd
854 1575 965 1641 Cretes
987 1575 1107 1642 nimiae
1128 1575 1229 1661 prolis
1251 1594 1327 1661 spes
1347 1576 1472 1641 marito

255 1697 374 1745 causae
397 1677 526 1744 divortii
547 1676 690 1745 faciendi
712 1678 829 1758 erat⁴).

337 1816 456 1883 Altera·
478 1815 564 1881 iusta
591 1815 720 1881 divortii
749 1834 850 1881 causa
876 1814 1071 1881 adulterium
1098 1815 1167 1881 fuit.
1218 1816 1370 1882 Attamen
1393 1837 1473 1882 cum

252 1940 311 1986 nos
332 1940 391 2005 pro
415 1918 574 1985 communi
597 1938 681 2001 quac
702 1918 744 1983 de
766 1918 798 1983 vi
811 1917 1016 1983 'matrimonii
1031 1924 1080 1984 est
1095 1919 1255 1984 sententia
1271 1917 1473 1984 adulterium

253 2045 274 2089 a
296 2022 410 2087 marito
438 2042 501 2087 non
523 2022 629 2087 minus
657 2040 753 2104 quam
776 2020 817 2086 ab
841 2040 940 2086 uxore
961 2019 1032 2085 fieri
1053 2027 1207 2104 vetemus,
1230 2021 1318 2106 apud
1339 2027 1473 2088 veteres

252 2125 419 2191 universos
447 2124 537 2191 velut
564 2122 703 2188 Iudaeos
733 2122 884 2188 adulterii
906 2123 989 2188 ratio
1012 2144 1075 2189 non
1097 2123 1278 2189 habebatur
1299 2123 1361 2190 nisi
1383 2144 1474 2189 oom-

250 2228 341 2294 missi
373 2229 415 2293 ab
442 2247 558 2293 uxore:
587 2233 620 2292 ct
647 2226 688 2292 ab
717 2225 781 2291 hac
809 2232 841 2291 et
871 2226 1047 2293 amoeoho
1069 2226 1262 2312 supplicium
1285 2229 1471 2293 sumebant.

252 2333 361 2398 Draco
383 2331 448 2397 iam
471 2330 607 2396 Athenis
629 2328 786 2415 permisit,
808 2334 844 2393 ut
866 2329 1000 2394 maritus
1022 2328 1205 2395 adulterum
1226 2330 1259 2394 in
1281 2329 1355 2415 ipsa
1369 2330 1472 2417 culpa

252 2434 486 2522 deprehensum
515 2438 661 2499 necaret:
691 2432 746 2516 qui
773 2437 892 2517 tamen,
915 2451 956 2497 ne
978 2432 1113 2498 iufamia
1134 2439 1310 2518 notaretur,
1332 2454 1471 2499 uxorem

251 2537 425 2625 repudiare
448 2537 573 2604 debuit:
602 2558 641 2603 ac
669 2536 711 2602 de
733 2535 883 2602 adultera
904 2536 995 2619 leges
1017 2542 1109 2602 erant
1130 2535 1352 2623 pamssimae,
1375 2539 1469 2604 velut

252 2665 272 2710 a
300 2642 402 2710 sacris
430 2660 558 2726 semper
585 2639 818 2726 prohibebatur
829 2639 863 2722 ⁶).
907 2640 992 2706 Huic
1014 2640 1152 2706 abactae
1179 2641 1273 2706 uxori
1293 2661 1335 2706 ne
1358 2640 1471 2707 dotem

252 2745 383 2830 quidem
405 2744 530 2810 restitui
552 2743 620 2809 ucri
642 2744 747 2809 simile
770 2749 828 2809 est.
873 2742 967 2820 Quod
989 2743 1077 2829 apud
1096 2741 1333 2829 Plutarchum)
1348 2743 1470 2828 legitur

250 2850 304 2916 lex
327 2848 470 2915 Solonis:

294 2968 332 3037 ἂν
361 2962 378 3034 ὁ
398 2967 522 3054 κρατῶν
543 2969 598 3031 καὶ
619 2964 724 3051 κύριος
750 2964 887 3051 γεγονώς
908 2973 964 3052 τῆς
986 2962 1156 3051 ἐπικλήρου
1185 2963 1268 3030 κατὰ
1299 2966 1351 3032 τὸν
1371 2964 1468 3052 νόμον

294 3069 386 3149 αὐτὸς
419 3068 463 3157 μή
489 3070 616 3147 δυνατὸς
647 3067 669 3155 ᾖ
702 3065 893 3154 πλησιάζειν,
926 3067 985 3135 ὑπὸ
1018 3068 1078 3134 τῶν
1110 3069 1239 3156 ἔγγιστα
1270 3075 1324 3133 τοῦ
1354 3062 1465 3154 ἀνδρὸς

252 3264 454 3277 ..---ι---

338 3399 360 3468 ¹)
394 3399 456 3466 Lag
479 3393 588 3465 Seguer
609 3411 629 3464 p
647 3395 712 3449 421:
744 3391 882 3448 ἀπολείπει
905 3398 952 3462 μὲν
972 3393 990 3463 ἡ
1009 3394 1074 3463 γυνὴ
1092 3394 1138 3448 σὸν
1156 3393 1248 3464 ἄνδρα,
1267 3391 1416 3465 ἀποπέμπει
1434 3402 1466 3451 δὲ

249 3487 265 3541 ὁ
285 3482 352 3557 ἀνὴρ
370 3486 418 3554 τὴν
434 3490 556 3552 γυναῖκα.

337 3573 359 3642 ⁸)
394 3571 460 3626 Plut
476 3567 560 3624 Alcib
577 3568 609 3623 8:
628 3569 714 3623 δεῖτὸ
732 3570 782 3636 τῆς
799 3564 966 3635 ἀπολείψεως
982 3568 1095 3636 γρσὶμμσ
1112 3569 1185 3636 παρὰ
1198 3569 1234 3637 τῷ
1246 3568 1355 3638 ἄρχοντι
1365 3573 1465 3626 θέσθαι

251 3661 287 3731 μή
307 3655 340 3714 δι’
362 3662 467 3726 ἑτέρων,
486 3651 542 3709 ἀλλ’
565 3651 647 3725 αὐτὴν
664 3657 810 3723 παροῦσαν.

341 3746 361 3816 ³)
396 3746 419 3799 P
438 3743 572 3812 Thomas,
589 3743 689 3798 Revue
708 3741 744 3796 de
761 3741 853 3796 l'instr
869 3741 938 3812 publ
956 3758 991 3797 en
1008 3741 1081 3812 Belg
1097 3742 1203 3813 XXIII,
1220 3744 1280 3798 266.

338 3833 361 3901 ⁴)
396 3830 510 3886 Aristot
527 3830 580 3884 Pol
598 3829 634 3898 II,
652 3831 678 3898 7,
696 3829 721 3883 5.

341 3919 361 3990 ὁ)
397 3919 470 3973 Dem
496 3932 511 3971 c
537 3917 631 3973 Neaer
657 3933 676 3986 p
705 3916 786 3970 1347:
823 3917 929 3969 ἐπειδὰν
947 3920 978 3970 δὲ
1004 3921 1053 3985 ἕλῃ
1071 3917 1117 3970 τὸν
1134 3917 1235 3985 μοιχόν,
1258 3917 1294 3986 μὴ
1314 3921 1410 3981 ἐξέστω
1426 3921 1464 3986 τῷ

251 4007 337 4063 ἑλόντι
354 4012 481 4059 συνοικεῖν
503 4006 536 4071 τῇ
559 4007 677 4071 γυναικί·
702 3997 749 4055 ἐοὶν
772 4005 803 4055 δὲ
825 4005 941 4070 συνοικῇ,
960 4003 1054 4072 ἄτιμος
1072 4008 1147 4059 ἔστω.
1165 4007 1234 4072 μηδὲ
1250 4004 1283 4071 τῆ
1301 4009 1406 4071 γυναικὶ
1422 4008 1463 4068 ἑξ-

251 4101 318 4150 ecum
345 4096 449 4158 εἰςιέναι
475 4095 513 4155 εἰς
538 4091 571 4144 τοὶ
599 4090 658 4157 ἱερὰ
679 4090 713 4143 τοὶ
737 4091 881 4167 δῃμοτσλῆ,
905 4087 949 4158 ἐφ’
973 4093 991 4160 ᾗ
1015 4092 1047 4145 ἀν
1070 4093 1164 4160 μοιχὸς
1181 4089 1252 4159 ἁλῷ·
1276 4092 1323 4144 osv
1342 4095 1372 4144 dt
1389 4095 1462 4158 εἰςίῃ,

249 4183 366 4252 νηποινεὶ
383 4181 507 4245 πασχέτω
525 4175 565 4230 ὁτι
583 4176 615 4230 ἂν
632 4176 722 4245 πάσχῃ
741 4177 811 4246 πλὴν
827 4178 956 4233 θανάτου.
991 4180 1100 4235 Eadem
1118 4178 1179 4233 fere
1197 4179 1243 4234 lex
1255 4177 1368 4235 Solonis
1387 4179 1462 4248 apud

250 4267 420 4325 Aeschinem
437 4268 482 4319 est
499 4263 528 4318 tn
546 4263 674 4319 oratione
693 4263 862 4322 Ilmarchea
880 4269 895 4331 θ
916 4264 974 4323 183.

338 4353 359 4424 ⁶)
396 4351 467 4422 Plut,
487 4349 536 4406 Sol
554 4350 596 4406 20.
