3050 5025
255 521 385 589 domum
408 523 553 589 condidit
565 523 599 609 ¹),
622 530 658 589 et
676 524 865 609 Dionysium
887 526 978 592 illum
1001 527 1276 612 Syracusanorum
1297 531 1485 612 tyrannum

254 626 296 692 de
318 647 381 710 quo
403 627 558 693 Aelianus
571 628 610 710 2)ι

298 749 330 815 ἐν
353 748 407 835 μίᾷ
429 746 532 835 ἡμέρᾳ
554 746 610 813 δύο
625 757 774 834 γυναῖκας
788 747 927 836 ηγοίγετο
942 749 1099 829 Διονύσιος
1112 752 1235 837 Δωρίδα
1256 750 1312 836 τήν
1326 750 1485 835 Λοκρίδα

298 854 353 916 καὶ
369 848 600 938 Ἀριστομάχην
620 849 677 937 τήν
694 850 875 940 Ἱππαρίνου
898 855 1011 934 Δίωνος
1033 858 1068 921 δὲ
1090 855 1238 942 ἀδελφήν.

254 971 351 1057 Apud
378 972 590 1038 Athenienses
620 973 718 1039 etiam
750 974 833 1058 legis
854 976 887 1040 in
923 997 1048 1043 summa
1084 978 1220 1063 penuria
1248 975 1365 1042 civium
1392 974 1484 1039 olim

255 1075 345 1141 latae
366 1076 466 1142 verba
488 1074 569 1142 haec
584 1076 708 1160 sunt³):
731 1087 841 1164 γαμεῖν
864 1080 918 1164 μὲν
940 1078 1037 1165 dordr
1058 1080 1138 1166 μίαν,
1159 1078 1412 1144 παιδοποιεῖσθαι
1435 1078 1483 1140 δὲ

254 1180 309 1243 καί
331 1178 363 1257 ἐξ
385 1178 501 1265 ἑτέρας.
545 1180 598 1245 Fit
620 1187 727 1245 autem
741 1181 877 1247 Athenis
892 1184 1129 1249 matrimonium
1151 1190 1208 1249 aut
1230 1182 1372 1267 engyesi‚
1395 1201 1483 1245 oum

253 1283 365 1367 kyrios
387 1284 554 1350 mulierem
575 1285 637 1348 rite
669 1284 736 1350 uiro
759 1285 947 1370 plerumque
976 1285 1051 1351 dote
1079 1286 1252 1352 constituta
1282 1285 1422 1351 collocat
1433 1284 1480 1366 ⁴),

254 1392 311 1451 aut
333 1386 521 1471 epidicasia,
551 1406 623 1452 oum
644 1386 875 1454 hereditariam
907 1388 1008 1454 filiam
1036 1387 1155 1456 archon
1177 1388 1323 1473 proximo
1344 1385 1483 1451 addicit

255 1508 374 1571 genere
387 1490 423 1569 ὕ).
467 1489 660 1572 Legitimum
682 1490 783 1555 filium
807 1512 879 1556 oum
900 1492 961 1557 viri
984 1491 1071 1557 docti
1092 1491 1252 1556 neminem
1273 1488 1379 1556 adhuc
1402 1508 1482 1553 ore-

255 1591 397 1657 diderint
418 1592 480 1657 nisi
496 1612 535 1658 ex
551 1600 653 1659 matre
668 1600 780 1659 natum
796 1600 828 1659 et
850 1594 920 1660 cive
933 1593 957 1678 ⁶)
974 1602 1005 1659 et
1021 1594 1081 1659 rite
1097 1595 1267 1679 collocata,
1283 1594 1477 1658 Buermann

253 1695 374 1780 primus
396 1695 622 1761 Demosthenis
651 1702 683 1761 et
703 1698 790 1763 Isaei
818 1698 1017 1764 orationibus
1044 1697 1158 1783 ποσοί)
1183 1697 1319 1762 Athenis
1340 1694 1478 1777 legibus

253 1796 486 1863 demonstravit
508 1798 755 1865 concubinatum
779 1799 940 1883 quendam
962 1800 1009 1865 ita
1031 1800 1189 1866 sancitum
1212 1799 1312 1865 fuisse
1332 1804 1369 1863 nt
1387 1796 1476 1879 legi-

253 1901 323 1966 timi
344 1901 438 1967 liberi
454 1901 639 1968 evaderent.
683 1902 866 1986 Sequuntur
877 1903 1020 1989 Philippi
1031 1903 1054 1987 ⁸)
1071 1910 1103 1967 et
1113 1902 1239 1968 Gilbert
1250 1902 1291 1987 9);
1307 1905 1476 1985 repugnat

253 2005 424 2069 Daillemer
438 2004 487 2089 ¹⁰),
510 2005 565 2088 qui
586 2007 669 2071 bene
685 2004 845 2091 depromit
858 2005 940 2071 illud
955 2004 1182 2072 Demosthenis
1196 2005 1249 2089 ¹¹):
1265 2004 1319 2081 τὰς
1334 2002 1473 2089 μὲνγὰρ

253 2106 376 2192 ἑταίρας
397 2105 513 2193 ἡδονῆς
546 2104 629 2175 ἕνεκ’
666 2110 791 2195 ἔχομεν,
826 2109 881 2186 τοὶς
909 2110 944 2173 δὲ
971 2108 1138 2186 παλλακὰς
1163 2110 1219 2193 τῆς
1240 2100 1322 2172 καθ’
1345 2104 1475 2191 ἡμέραν

253 2210 425 2296 θεραπείας
446 2211 501 2275 τοῦ
523 2210 675 2297 σώματος,
697 2210 752 2289 τοὶς
775 2213 810 2276 δὲ
824 2221 972 2297 γυναῖκας
992 2214 1047 2278 τοῦ
1068 2212 1313 2277 παιδοποιεῖσδαι
1334 2207 1475 2295 γνησίως

253 2314 389 2378 καὶτῶν
412 2315 498 2381 ἔνδον
520 2312 647 2399 φύλακα
668 2315 779 2401 πιστην
801 2316 894 2400 ἔχειν.
938 2316 989 2380 Ab
1011 2335 1112 2381 uxore
1133 2315 1232 2398 igitur
1253 2314 1324 2379 sola
1345 2312 1472 2377 liberos

251 2416 413 2500 legitimos
435 2417 609 2502 procreari.
654 2416 739 2494 Quid
761 2417 893 2483 tandem
912 2418 1060 2485 hocloco
1076 2418 1201 2483 illiviri
1223 2416 1310 2482 docti
1324 2415 1474 2480 facient?

251 2521 463 2588 Differentiae
478 2521 633 2605 quidnam
647 2523 731 2587 inter
744 2542 877 2588 uxorem
892 2523 1108 2589 intercederet
1123 2529 1155 2588 et
1169 2521 1329 2607 pelicem?
1346 2519 1472 2585 Contra

199 2698 202 2705 ¹
253 2625 400 2691 everbis
422 2623 661 2692 Demosthenis:
696 2625 746 2688 ἐπὶ
776 2625 929 2712 ,παλλακῇ
962 2625 1001 2711 ῆν
1023 2621 1060 2693 ἂν
1088 2624 1139 2690 ἐπ’
1164 2624 1342 2710 ἐλευθέροις
1362 2623 1472 2686 παισίν

253 2816 454 2824 -ῌ-..ύψ--ι-Η-ι

339 2951 360 3023 ¹)
395 2949 454 3005 Her
479 2948 515 3020 V,
541 2951 589 3004 40:
617 2951 684 3018 μετα
707 2953 738 3004 δὲ
764 2958 894 3018 γυναῖκας
921 2953 990 3018 ἔχων
1016 2950 1064 3002 δύο
1090 2944 1164 3013 διξοὶς
1185 2953 1268 3012 ἱστίας
1291 2942 1369 3001 οἴκεεΙ
1384 2950 1470 3000 ποιῶν

251 3036 374 3107 οὐδαμῶς
391 3037 583 3106 Σπαρτιητικά..

337 3127 360 3194 ²)
395 3126 449 3182 VH
466 3125 542 3194 XIII,
563 3125 602 3180 10.

339 3214 360 3282 Β)
396 3213 471 3281 Diog
489 3213 577 3267 Laent
594 3212 630 3281 Π,
649 3212 691 3268 26.

337 3301 361 3370 ⁴)
397 3299 518 3369 Spartae
537 3313 650 3370 quoque
669 3299 806 3370 engyesin
824 3297 913 3354 fuisse
931 3299 1001 3353 dicit
1017 3299 1123 3354 Jannet
1140 3315 1159 3366 p
1179 3296 1237 3352 106.

340 3388 360 3458 ⁵)
396 3387 468 3441 Tum
496 3385 633 3457 engyesin
663 3386 701 3442 ab
735 3387 836 3442 eodem
867 3385 1004 3441 archonte
1039 3384 1145 3441 factam
1178 3380 1299 3439 Gilberti
1324 3380 1468 3435 sententia

252 3480 296 3531 est
314 3492 332 3544 p
353 3474 399 3529 181
421 3474 509 3529 adnot
527 3473 552 3527 3.

338 3561 359 3630 ο)
395 3559 505 3616 Civitas
536 3560 632 3615 uxoris
661 3565 729 3629 post
759 3559 874 3615 Solonis
904 3559 1016 3614 demum
1044 3562 1175 3628 tempora
1204 3556 1318 3610 videtur
1346 3554 1464 3624 requiri:

248 3648 391 3719 Megaclos
410 3647 522 3718 quidem
546 3647 625 3702 duxit
648 3645 851 3702 Alcmaeonida
878 3645 963 3702 filiam
990 3645 1117 3716 Sicyonii
1140 3643 1291 3700 Clisthenis
1310 3641 1465 3697 Athenien-

252 3737 323 3792 sium
344 3736 414 3804 iure,
433 3734 477 3789 cfr
494 3734 553 3790 Her
570 3735 622 3804 VI,
644 3733 706 3788 130:
742 3734 779 3802 τῷ
800 3738 830 3787 δὲ
848 3729 1026 3802 Ἀλκμαίωνος
1043 3735 1182 3801 Μεγακλεῖ
1202 3733 1289 3798 ἐγγυῶ
1311 3732 1395 3782 παῖδα
1415 3728 1465 3796 τὴν

163 3811 165 3816 ’
254 3822 320 3891 ἐμήν
333 3817 487 3890 Ἀγαρίστην
505 3821 606 3889 νόμοισι
624 3828 688 3873 τοῖσι
702 3816 860 3890 Ἀθηναίων.

336 3911 359 3978 ⁷)
394 3907 485 3964 Jahrb
512 3907 528 3961 f
550 3907 643 3962 Philol
670 3909 746 3978 (Nov
770 3908 833 3978 Ser)
862 3909 910 3963 IX
934 3908 1031 3978 Suppl.
1061 3937 1084 3946 ἡ
1111 3905 1155 3962 cfr
1175 3907 1248 3961 Dem
1271 3920 1305 3959 or
1322 3903 1356 3957 39
1379 3902 1462 3969 δίο,
1521 3978 1522 3981 ¹

249 3999 314 4054 Isac
333 4012 366 4052 or
383 3996 400 4050 3
418 3997 443 4050 da
460 3996 485 4050 6.
1521 4000 1522 4019 ¹

337 4085 359 4152 ⁸)
394 4082 486 4139 Jahrb
503 4081 623 4137 fPhiloI
642 4083 717 4154 1879,
734 4100 753 4154 p
771 4084 832 4140 413.

338 4171 360 4239 ⁹)
395 4169 546 4238 11p182.

325 4258 359 4326 10)
395 4255 572 4327 Daremberg
588 4258 613 4311 dr
631 4257 735 4328 Sagho,
753 4259 820 4313 Dict
838 4258 889 4313 des
907 4258 1006 4327 antiqu
1024 4273 1043 4326 p
1064 4255 1138 4310 1434.

327 4344 359 4414 Π)
396 4345 635 4410 cNeacr§122.
