<?xml version="1.0" encoding="UTF-8"?>
<!DOCTYPE html PUBLIC "-//W3C//DTD XHTML 1.0 Transitional//EN"
    "http://www.w3.org/TR/xhtml1/DTD/xhtml1-transitional.dtd">
<html xmlns="http://www.w3.org/1999/xhtml" xml:lang="en" lang="en">
 <head>
  <title>
</title>
<meta http-equiv="Content-Type" content="text/html;charset=utf-8" />
  <meta name='ocr-system' content='tesseract 3.04.00' />
  <meta name='ocr-capabilities' content='ocr_page ocr_carea ocr_par ocr_line ocrx_word'/>
</head>
<body>
  <div class='ocr_page' id='page_1' title='image "./henricilewydeci00lewygoog_0048.png"; bbox 0 0 3050 5025; ppageno 0'>
   <div class='ocr_carea' id='block_1_1' title="bbox 857 353 898 415">
    <p class='ocr_par' dir='ltr' id='par_1_1' title="bbox 857 353 898 415">
     <span class='ocr_line' id='line_1_1' title="bbox 857 353 898 415; baseline 0.024 -1"><span class='ocrx_word' id='word_1_1' title='bbox 857 353 898 415; x_wconf 75' lang='lat'>42</span> 
     </span>
    </p>
   </div>
   <div class='ocr_carea' id='block_1_2' title="bbox 144 560 1487 2298">
    <p class='ocr_par' dir='ltr' id='par_1_2' title="bbox 144 560 1484 749">
     <span class='ocr_line' id='line_1_2' title="bbox 144 560 1484 647; baseline -0.002 -20"><span class='ocrx_word' id='word_1_2' title='bbox 144 580 146 586; x_wconf 89' lang='lat'><em>·</em></span> <span class='ocrx_word' id='word_1_3' title='bbox 271 582 330 629; x_wconf 91' lang='lat' dir='ltr'>nec</span> <span class='ocrx_word' id='word_1_4' title='bbox 353 562 456 629; x_wconf 89' lang='lat' dir='ltr'>minus</span> <span class='ocrx_word' id='word_1_5' title='bbox 478 562 511 627; x_wconf 93' lang='lat' dir='ltr'>in</span> <span class='ocrx_word' id='word_1_6' title='bbox 534 562 654 629; x_wconf 89' lang='lat' dir='ltr'>tabulis</span> <span class='ocrx_word' id='word_1_7' title='bbox 677 561 863 627; x_wconf 90' lang='lat' dir='ltr'>libertorum</span> <span class='ocrx_word' id='word_1_8' title='bbox 877 560 1032 627; x_wconf 81' lang='lat' dir='ltr'><strong>Pheraeis</strong></span> <span class='ocrx_word' id='word_1_9' title='bbox 1054 581 1137 644; x_wconf 89' lang='lat' dir='ltr'>qnae</span> <span class='ocrx_word' id='word_1_10' title='bbox 1159 560 1313 647; x_wconf 88' lang='lat' dir='ltr'>temporis</span> <span class='ocrx_word' id='word_1_11' title='bbox 1327 562 1484 645; x_wconf 80' lang='lat' dir='ltr'>Augustei</span> 
     </span>
     <span class='ocr_line' id='line_1_3' title="bbox 269 666 570 749; baseline -0.01 -16"><span class='ocrx_word' id='word_1_12' title='bbox 269 673 343 733; x_wconf 82' lang='lat' dir='ltr'>sunt</span> <span class='ocrx_word' id='word_1_13' title='bbox 356 666 393 749; x_wconf 88' lang='lat'>¹):</span> <span class='ocrx_word' id='word_1_14' title='bbox 567 677 570 684; x_wconf 89' lang='lat'>&#39;</span> 
     </span>
    </p>

    <p class='ocr_par' dir='ltr' id='par_1_3' title="bbox 311 762 1482 854">
     <span class='ocr_line' id='line_1_4' title="bbox 311 762 1482 854; baseline -0.003 -21"><span class='ocrx_word' id='word_1_15' title='bbox 311 767 423 854; x_wconf 78' lang='grc' dir='ltr'>Κλητα</span> <span class='ocrx_word' id='word_1_16' title='bbox 457 767 518 833; x_wconf 85' lang='grc' dir='ltr'>ἀπό</span> <span class='ocrx_word' id='word_1_17' title='bbox 547 762 719 854; x_wconf 80' lang='grc' dir='ltr'>Ἀρχελάου</span> <span class='ocrx_word' id='word_1_18' title='bbox 751 764 807 833; x_wconf 81' lang='grc' dir='ltr'>τοὺ</span> <span class='ocrx_word' id='word_1_19' title='bbox 836 765 1065 851; x_wconf 81' lang='grc' dir='ltr'>Ἱπποκράτους</span> <span class='ocrx_word' id='word_1_20' title='bbox 1097 770 1152 832; x_wconf 83' lang='grc' dir='ltr'>καί</span> <span class='ocrx_word' id='word_1_21' title='bbox 1174 766 1396 854; x_wconf 83' lang='grc' dir='ltr'>Ἥγησοίνδροις</span> <span class='ocrx_word' id='word_1_22' title='bbox 1434 768 1482 844; x_wconf 76' lang='grc' dir='ltr'>τᾶς</span> 
     </span>
    </p>

    <p class='ocr_par' dir='ltr' id='par_1_4' title="bbox 307 869 1483 959">
     <span class='ocr_line' id='line_1_5' title="bbox 307 869 1483 959; baseline -0.001 -23"><span class='ocrx_word' id='word_1_23' title='bbox 307 869 517 959; x_wconf 79' lang='grc' dir='ltr'>Ἱππομάχου,</span> <span class='ocrx_word' id='word_1_24' title='bbox 549 871 684 949; x_wconf 86' lang='grc' dir='ltr'>Εὔπολις</span> <span class='ocrx_word' id='word_1_25' title='bbox 718 870 780 936; x_wconf 85' lang='grc' dir='ltr'>ἀπὸ</span> <span class='ocrx_word' id='word_1_26' title='bbox 807 870 961 957; x_wconf 76' lang='grc' dir='ltr'>Κρατίνου</span> <span class='ocrx_word' id='word_1_27' title='bbox 993 878 1048 936; x_wconf 84' lang='grc' dir='ltr'>τοῦ</span> <span class='ocrx_word' id='word_1_28' title='bbox 1076 872 1275 959; x_wconf 76' lang='grc' dir='ltr'>Πολέμωνος,</span> <span class='ocrx_word' id='word_1_29' title='bbox 1314 871 1483 937; x_wconf 87' lang='grc' dir='ltr'>Καλλιστώ</span> 
     </span>
    </p>

    <p class='ocr_par' dir='ltr' id='par_1_5' title="bbox 268 969 1487 2092">
     <span class='ocr_line' id='line_1_6' title="bbox 311 969 1440 1062; baseline 0.001 -22"><span class='ocrx_word' id='word_1_30' title='bbox 311 974 373 1040; x_wconf 83' lang='grc' dir='ltr'>ἀπὸ</span> <span class='ocrx_word' id='word_1_31' title='bbox 396 974 549 1060; x_wconf 74' lang='grc' dir='ltr'>Κρατίνου</span> <span class='ocrx_word' id='word_1_32' title='bbox 571 974 624 1040; x_wconf 81' lang='grc' dir='ltr'>τοῦ</span> <span class='ocrx_word' id='word_1_33' title='bbox 647 973 832 1061; x_wconf 74' lang='grc' dir='ltr'>Πολέμωνος</span> <span class='ocrx_word' id='word_1_34' title='bbox 853 978 908 1040; x_wconf 87' lang='grc' dir='ltr'>καί</span> <span class='ocrx_word' id='word_1_35' title='bbox 929 974 1158 1054; x_wconf 86' lang='grc' dir='ltr'>Δικαιοπόλεως</span> <span class='ocrx_word' id='word_1_36' title='bbox 1178 976 1233 1062; x_wconf 78' lang='grc' dir='ltr'>τῆς</span> <span class='ocrx_word' id='word_1_37' title='bbox 1248 969 1440 1061; x_wconf 87' lang='grc' dir='ltr'>Ἀρίστωνος.</span> 
     </span>
     <span class='ocr_line' id='line_1_7' title="bbox 268 1056 1483 1163; baseline -0.003 -18"><span class='ocrx_word' id='word_1_38' title='bbox 268 1079 385 1146; x_wconf 87' lang='lat' dir='ltr'>Nescio</span> <span class='ocrx_word' id='word_1_39' title='bbox 399 1056 441 1144; x_wconf 80' lang='lat' dir='ltr'>an</span> <span class='ocrx_word' id='word_1_40' title='bbox 456 1079 593 1144; x_wconf 87' lang='lat' dir='ltr'>alteram</span> <span class='ocrx_word' id='word_1_41' title='bbox 608 1083 733 1162; x_wconf 86' lang='lat' dir='ltr'>partem</span> <span class='ocrx_word' id='word_1_42' title='bbox 755 1078 860 1163; x_wconf 85' lang='lat' dir='ltr'>pretii,</span> <span class='ocrx_word' id='word_1_43' title='bbox 883 1078 1065 1161; x_wconf 89' lang='lat' dir='ltr'>ubicunque</span> <span class='ocrx_word' id='word_1_44' title='bbox 1081 1079 1144 1145; x_wconf 93' lang='lat' dir='ltr'>duo</span> <span class='ocrx_word' id='word_1_45' title='bbox 1160 1080 1312 1161; x_wconf 85' lang='lat' dir='ltr'>coniuges</span> <span class='ocrx_word' id='word_1_46' title='bbox 1332 1078 1483 1144; x_wconf 89' lang='lat' dir='ltr'>dicuntur</span> 
     </span>
     <span class='ocr_line' id='line_1_8' title="bbox 268 1181 1483 1266; baseline -0.001 -20"><span class='ocrx_word' id='word_1_47' title='bbox 268 1181 349 1266; x_wconf 92' lang='lat' dir='ltr'>heri,</span> <span class='ocrx_word' id='word_1_48' title='bbox 371 1182 503 1248; x_wconf 90' lang='lat' dir='ltr'>solverit</span> <span class='ocrx_word' id='word_1_49' title='bbox 524 1182 667 1265; x_wconf 91' lang='lat' dir='ltr'>maritus,</span> <span class='ocrx_word' id='word_1_50' title='bbox 696 1200 778 1246; x_wconf 86' lang='lat' dir='ltr'>uxor</span> <span class='ocrx_word' id='word_1_51' title='bbox 805 1182 952 1247; x_wconf 87' lang='lat' dir='ltr'>alteram.</span> <span class='ocrx_word' id='word_1_52' title='bbox 997 1182 1115 1247; x_wconf 88' lang='lat' dir='ltr'>Verum</span> <span class='ocrx_word' id='word_1_53' title='bbox 1144 1182 1241 1247; x_wconf 90' lang='lat' dir='ltr'>etiam</span> <span class='ocrx_word' id='word_1_54' title='bbox 1273 1182 1367 1247; x_wconf 86' lang='lat' dir='ltr'>aliter</span> <span class='ocrx_word' id='word_1_55' title='bbox 1391 1182 1483 1245; x_wconf 85' lang='lat' dir='ltr'>intel-</span> 
     </span>
     <span class='ocr_line' id='line_1_9' title="bbox 269 1276 1484 1369; baseline -0.002 -20"><span class='ocrx_word' id='word_1_56' title='bbox 269 1276 378 1369; x_wconf 83' lang='lat' dir='ltr'>legere</span> <span class='ocrx_word' id='word_1_57' title='bbox 401 1285 477 1351; x_wconf 89' lang='lat' dir='ltr'>licet</span> <span class='ocrx_word' id='word_1_58' title='bbox 500 1286 613 1350; x_wconf 89' lang='lat' dir='ltr'>verba:</span> <span class='ocrx_word' id='word_1_59' title='bbox 637 1282 654 1348; x_wconf 89' lang='grc' dir='ltr'>ό</span> <span class='ocrx_word' id='word_1_60' title='bbox 677 1286 761 1350; x_wconf 80' lang='grc' dir='ltr'>δεῖνα</span> <span class='ocrx_word' id='word_1_61' title='bbox 784 1286 839 1348; x_wconf 86' lang='grc' dir='ltr'>καί</span> <span class='ocrx_word' id='word_1_62' title='bbox 859 1282 881 1369; x_wconf 82' lang='grc' dir='ltr'>η</span> <span class='ocrx_word' id='word_1_63' title='bbox 904 1286 990 1350; x_wconf 86' lang='grc' dir='ltr'>δεῖνα</span> <span class='ocrx_word' id='word_1_64' title='bbox 1013 1284 1195 1350; x_wconf 73' lang='grc' dir='ltr'>ἀνατιθέασι</span> <span class='ocrx_word' id='word_1_65' title='bbox 1223 1284 1291 1349; x_wconf 88' lang='lat' dir='ltr'>sive</span> <span class='ocrx_word' id='word_1_66' title='bbox 1321 1280 1484 1350; x_wconf 86' lang='grc' dir='ltr'>ἀπέδοντο.</span> 
     </span>
     <span class='ocr_line' id='line_1_10' title="bbox 270 1387 1486 1475; baseline -0.001 -21"><span class='ocrx_word' id='word_1_67' title='bbox 270 1389 362 1454; x_wconf 83' lang='lat' dir='ltr'>Servi</span> <span class='ocrx_word' id='word_1_68' title='bbox 385 1389 468 1454; x_wconf 91' lang='lat' dir='ltr'>enim</span> <span class='ocrx_word' id='word_1_69' title='bbox 491 1407 589 1475; x_wconf 83' lang='lat' dir='ltr'>saepe</span> <span class='ocrx_word' id='word_1_70' title='bbox 612 1388 645 1452; x_wconf 94' lang='lat' dir='ltr'>in</span> <span class='ocrx_word' id='word_1_71' title='bbox 667 1387 775 1453; x_wconf 92' lang='lat' dir='ltr'>dotem</span> <span class='ocrx_word' id='word_1_72' title='bbox 801 1387 972 1472; x_wconf 85' lang='lat' dir='ltr'>dabantur,</span> <span class='ocrx_word' id='word_1_73' title='bbox 999 1389 1088 1453; x_wconf 88' lang='lat' dir='ltr'>velut</span> <span class='ocrx_word' id='word_1_74' title='bbox 1114 1388 1179 1453; x_wconf 89' lang='lat' dir='ltr'>iam</span> <span class='ocrx_word' id='word_1_75' title='bbox 1201 1388 1400 1472; x_wconf 80' lang='lat' dir='ltr'>Penelopam</span> <span class='ocrx_word' id='word_1_76' title='bbox 1422 1388 1486 1453; x_wconf 85' lang='lat' dir='ltr'>Do</span> 
     </span>
     <span class='ocr_line' id='line_1_11' title="bbox 270 1490 1486 1575; baseline -0.001 -19"><span class='ocrx_word' id='word_1_77' title='bbox 270 1492 333 1557; x_wconf 91' lang='lat' dir='ltr'>lios</span> <span class='ocrx_word' id='word_1_78' title='bbox 355 1492 497 1575; x_wconf 89' lang='lat' dir='ltr'>sequitur</span> <span class='ocrx_word' id='word_1_79' title='bbox 510 1491 542 1574; x_wconf 82' lang='lat'>²).</span> <span class='ocrx_word' id='word_1_80' title='bbox 597 1492 667 1556; x_wconf 89' lang='lat' dir='ltr'>Hoc</span> <span class='ocrx_word' id='word_1_81' title='bbox 690 1490 718 1556; x_wconf 90' lang='lat' dir='ltr'>si</span> <span class='ocrx_word' id='word_1_82' title='bbox 741 1490 932 1573; x_wconf 83' lang='lat' dir='ltr'>cogitemus,</span> <span class='ocrx_word' id='word_1_83' title='bbox 966 1491 1034 1555; x_wconf 89' lang='lat' dir='ltr'>iure</span> <span class='ocrx_word' id='word_1_84' title='bbox 1060 1490 1222 1556; x_wconf 88' lang='lat' dir='ltr'>videbitur</span> <span class='ocrx_word' id='word_1_85' title='bbox 1254 1509 1335 1555; x_wconf 83' lang='lat' dir='ltr'>uxor</span> <span class='ocrx_word' id='word_1_86' title='bbox 1357 1510 1486 1573; x_wconf 88' lang='lat' dir='ltr'>quoque</span> 
     </span>
     <span class='ocr_line' id='line_1_12' title="bbox 270 1592 1485 1680; baseline -0.001 -21"><span class='ocrx_word' id='word_1_87' title='bbox 270 1594 438 1660; x_wconf 91' lang='lat' dir='ltr'>nominari.</span> <span class='ocrx_word' id='word_1_88' title='bbox 492 1593 582 1660; x_wconf 87' lang='lat' dir='ltr'>Idem</span> <span class='ocrx_word' id='word_1_89' title='bbox 616 1612 819 1660; x_wconf 76' lang='lat' dir='ltr'>censeremus</span> <span class='ocrx_word' id='word_1_90' title='bbox 852 1592 893 1658; x_wconf 94' lang='lat' dir='ltr'>de</span> <span class='ocrx_word' id='word_1_91' title='bbox 922 1594 1086 1659; x_wconf 88' lang='lat' dir='ltr'>titulorum</span> <span class='ocrx_word' id='word_1_92' title='bbox 1114 1593 1343 1680; x_wconf 87' lang='lat' dir='ltr'>Delphicorum</span> <span class='ocrx_word' id='word_1_93' title='bbox 1374 1594 1485 1659; x_wconf 81' lang='lat' dir='ltr'>verbis</span> 
     </span>
     <span class='ocr_line' id='line_1_13' title="bbox 270 1682 1486 1781; baseline -0.001 -20"><span class='ocrx_word' id='word_1_94' title='bbox 270 1695 394 1763; x_wconf 88' lang='grc' dir='ltr'>όδεῖνα</span> <span class='ocrx_word' id='word_1_95' title='bbox 427 1694 673 1781; x_wconf 80' lang='grc' dir='ltr'>συνευδοκούσης</span> <span class='ocrx_word' id='word_1_96' title='bbox 705 1702 760 1781; x_wconf 78' lang='grc' dir='ltr'>τῆς</span> <span class='ocrx_word' id='word_1_97' title='bbox 793 1694 947 1781; x_wconf 89' lang='grc' dir='ltr'>γυναικός,</span> <span class='ocrx_word' id='word_1_98' title='bbox 980 1696 1043 1761; x_wconf 90' lang='lat' dir='ltr'>nisi</span> <span class='ocrx_word' id='word_1_99' title='bbox 1077 1696 1133 1761; x_wconf 88' lang='lat' dir='ltr'>alii</span> <span class='ocrx_word' id='word_1_100' title='bbox 1167 1715 1267 1781; x_wconf 85' lang='lat' dir='ltr'>saepe</span> <span class='ocrx_word' id='word_1_101' title='bbox 1300 1682 1486 1762; x_wconf 86' lang='lat' dir='ltr'>dicerentur</span> 
     </span>
     <span class='ocr_line' id='line_1_14' title="bbox 269 1798 1485 1887; baseline -0.001 -22"><span class='ocrx_word' id='word_1_102' title='bbox 269 1805 398 1887; x_wconf 86' lang='lat' dir='ltr'>praeter</span> <span class='ocrx_word' id='word_1_103' title='bbox 420 1819 551 1865; x_wconf 85' lang='lat' dir='ltr'>uxorem</span> <span class='ocrx_word' id='word_1_104' title='bbox 575 1799 837 1877; x_wconf 83' lang='grc' dir='ltr'>συνευδοκοῦντες.</span> <span class='ocrx_word' id='word_1_105' title='bbox 880 1800 924 1864; x_wconf 85' lang='lat' dir='ltr'>At</span> <span class='ocrx_word' id='word_1_106' title='bbox 946 1799 1014 1864; x_wconf 90' lang='lat' dir='ltr'>sine</span> <span class='ocrx_word' id='word_1_107' title='bbox 1035 1798 1133 1864; x_wconf 91' lang='lat' dir='ltr'>dubio</span> <span class='ocrx_word' id='word_1_108' title='bbox 1156 1798 1350 1884; x_wconf 81' lang='lat' dir='ltr'>mancipium</span> <span class='ocrx_word' id='word_1_109' title='bbox 1371 1800 1485 1865; x_wconf 85' lang='lat' dir='ltr'>uxoris</span> 
     </span>
     <span class='ocr_line' id='line_1_15' title="bbox 270 1900 1487 1988; baseline -0.003 -18"><span class='ocrx_word' id='word_1_110' title='bbox 270 1902 509 1988; x_wconf 81' lang='lat' dir='ltr'>agnoscendum</span> <span class='ocrx_word' id='word_1_111' title='bbox 531 1903 563 1967; x_wconf 94' lang='lat' dir='ltr'>in</span> <span class='ocrx_word' id='word_1_112' title='bbox 579 1903 796 1969; x_wconf 86' lang='lat' dir='ltr'>vetustissimo</span> <span class='ocrx_word' id='word_1_113' title='bbox 811 1903 868 1967; x_wconf 92' lang='lat' dir='ltr'>illo</span> <span class='ocrx_word' id='word_1_114' title='bbox 883 1902 977 1968; x_wconf 89' lang='lat' dir='ltr'>titulo</span> <span class='ocrx_word' id='word_1_115' title='bbox 993 1902 1047 1985; x_wconf 92' lang='lat' dir='ltr'>qui</span> <span class='ocrx_word' id='word_1_116' title='bbox 1061 1903 1159 1968; x_wconf 84' lang='lat' dir='ltr'>Eleus</span> <span class='ocrx_word' id='word_1_117' title='bbox 1173 1901 1300 1968; x_wconf 88' lang='lat' dir='ltr'>videtur</span> <span class='ocrx_word' id='word_1_118' title='bbox 1312 1900 1487 1988; x_wconf 82' lang='lat' dir='ltr'>Olympiae</span> 
     </span>
     <span class='ocr_line' id='line_1_16' title="bbox 269 2006 446 2092; baseline -0.023 -21"><span class='ocrx_word' id='word_1_119' title='bbox 269 2012 396 2092; x_wconf 88' lang='lat' dir='ltr'>reperto</span> <span class='ocrx_word' id='word_1_120' title='bbox 408 2006 446 2089; x_wconf 80' lang='lat'>³):</span> 
     </span>
    </p>

    <p class='ocr_par' dir='ltr' id='par_1_6' title="bbox 308 2102 1486 2193">
     <span class='ocr_line' id='line_1_17' title="bbox 308 2102 1486 2193; baseline -0.002 -18"><span class='ocrx_word' id='word_1_121' title='bbox 308 2102 480 2185; x_wconf 76' lang='grc' dir='ltr'>Ἐκαλίδας</span> <span class='ocrx_word' id='word_1_122' title='bbox 508 2106 614 2193; x_wconf 81' lang='grc' dir='ltr'>ἀφῆκε</span> <span class='ocrx_word' id='word_1_123' title='bbox 643 2106 824 2193; x_wconf 76' lang='grc' dir='ltr'>έλευδάρως</span> <span class='ocrx_word' id='word_1_124' title='bbox 849 2108 902 2173; x_wconf 90' lang='grc' dir='ltr'>τόν</span> <span class='ocrx_word' id='word_1_125' title='bbox 929 2104 991 2173; x_wconf 85' lang='grc' dir='ltr'>ἀπό</span> <span class='ocrx_word' id='word_1_126' title='bbox 1019 2107 1159 2193; x_wconf 84' lang='grc' dir='ltr'>Σφίγγας</span> <span class='ocrx_word' id='word_1_127' title='bbox 1190 2106 1280 2193; x_wconf 93' lang='grc' dir='ltr'>γόνον</span> <span class='ocrx_word' id='word_1_128' title='bbox 1312 2108 1407 2192; x_wconf 86' lang='grc' dir='ltr'>ίαρώς</span> <span class='ocrx_word' id='word_1_129' title='bbox 1442 2108 1486 2173; x_wconf 87' lang='grc' dir='ltr'>τώ</span> 
     </span>
    </p>

    <p class='ocr_par' dir='ltr' id='par_1_7' title="bbox 314 2208 1293 2298">
     <span class='ocr_line' id='line_1_18' title="bbox 314 2208 1293 2298; baseline 0.001 -23"><span class='ocrx_word' id='word_1_130' title='bbox 314 2210 383 2289; x_wconf 88' lang='grc' dir='ltr'>Διός</span> <span class='ocrx_word' id='word_1_131' title='bbox 404 2218 447 2276; x_wconf 88' lang='grc' dir='ltr'>τώ</span> <span class='ocrx_word' id='word_1_132' title='bbox 464 2208 639 2298; x_wconf 84' lang='grc' dir='ltr'>Ὀλυμπίω·</span> <span class='ocrx_word' id='word_1_133' title='bbox 663 2214 717 2276; x_wconf 82' lang='grc' dir='ltr'>καὶ</span> <span class='ocrx_word' id='word_1_134' title='bbox 738 2211 847 2277; x_wconf 73' lang='grc' dir='ltr'>Πιτδώ</span> <span class='ocrx_word' id='word_1_135' title='bbox 869 2211 986 2297; x_wconf 81' lang='grc' dir='ltr'>συνέρα</span> <span class='ocrx_word' id='word_1_136' title='bbox 1005 2209 1117 2297; x_wconf 89' lang='grc' dir='ltr'>Ἀγέλα</span> <span class='ocrx_word' id='word_1_137' title='bbox 1139 2208 1293 2297; x_wconf 72' lang='grc' dir='ltr'>θυγάτηρ.</span> 
     </span>
    </p>
   </div>
   <div class='ocr_carea' id='block_1_3' title="bbox 270 2331 1488 3656">
    <p class='ocr_par' dir='ltr' id='par_1_8' title="bbox 270 2331 1488 3656">
     <span class='ocr_line' id='line_1_19' title="bbox 273 2331 1488 2418; baseline -0.001 -21"><span class='ocrx_word' id='word_1_138' title='bbox 273 2334 323 2397; x_wconf 92' lang='lat' dir='ltr'>De</span> <span class='ocrx_word' id='word_1_139' title='bbox 345 2352 445 2398; x_wconf 83' lang='lat' dir='ltr'>uxore</span> <span class='ocrx_word' id='word_1_140' title='bbox 467 2353 531 2398; x_wconf 94' lang='lat' dir='ltr'>non</span> <span class='ocrx_word' id='word_1_141' title='bbox 553 2331 595 2397; x_wconf 87' lang='lat' dir='ltr'>de</span> <span class='ocrx_word' id='word_1_142' title='bbox 616 2331 684 2398; x_wconf 88' lang='lat' dir='ltr'>filia</span> <span class='ocrx_word' id='word_1_143' title='bbox 706 2334 822 2417; x_wconf 85' lang='lat' dir='ltr'>agitur.</span> <span class='ocrx_word' id='word_1_144' title='bbox 866 2334 966 2397; x_wconf 91' lang='lat' dir='ltr'>Porro</span> <span class='ocrx_word' id='word_1_145' title='bbox 993 2332 1142 2418; x_wconf 91' lang='lat' dir='ltr'>proprius</span> <span class='ocrx_word' id='word_1_146' title='bbox 1170 2333 1279 2398; x_wconf 85' lang='lat' dir='ltr'>uxoris</span> <span class='ocrx_word' id='word_1_147' title='bbox 1301 2350 1414 2397; x_wconf 82' lang='lat' dir='ltr'>servus</span> <span class='ocrx_word' id='word_1_148' title='bbox 1438 2337 1488 2398; x_wconf 90' lang='lat' dir='ltr'>est</span> 
     </span>
     <span class='ocr_line' id='line_1_20' title="bbox 273 2432 923 2522; baseline -0.002 -22"><span class='ocrx_word' id='word_1_149' title='bbox 273 2435 306 2500; x_wconf 93' lang='lat' dir='ltr'>in</span> <span class='ocrx_word' id='word_1_150' title='bbox 329 2436 409 2500; x_wconf 91' lang='lat' dir='ltr'>miro</span> <span class='ocrx_word' id='word_1_151' title='bbox 432 2434 572 2519; x_wconf 91' lang='lat' dir='ltr'>quodam</span> <span class='ocrx_word' id='word_1_152' title='bbox 595 2435 688 2501; x_wconf 89' lang='lat' dir='ltr'>titulo</span> <span class='ocrx_word' id='word_1_153' title='bbox 712 2432 923 2522; x_wconf 82' lang='lat' dir='ltr'>Delphico⁴):</span> 
     </span>
     <span class='ocr_line' id='line_1_21' title="bbox 315 2534 1487 2625; baseline -0.001 -21"><span class='ocrx_word' id='word_1_154' title='bbox 315 2537 469 2616; x_wconf 86' lang='grc' dir='ltr'>Θεόδοτος</span> <span class='ocrx_word' id='word_1_155' title='bbox 491 2537 655 2625; x_wconf 81' lang='grc' dir='ltr'>Τιμάρχου</span> <span class='ocrx_word' id='word_1_156' title='bbox 676 2540 731 2603; x_wconf 87' lang='grc' dir='ltr'>καί</span> <span class='ocrx_word' id='word_1_157' title='bbox 747 2534 882 2624; x_wconf 83' lang='grc' dir='ltr'>Ἀρίστα</span> <span class='ocrx_word' id='word_1_158' title='bbox 899 2535 1132 2623; x_wconf 83' lang='grc' dir='ltr'>Ἀρτεμιδώρου</span> <span class='ocrx_word' id='word_1_159' title='bbox 1155 2535 1410 2615; x_wconf 83' lang='grc' dir='ltr'>συνευδοκέοντος</span> <span class='ocrx_word' id='word_1_160' title='bbox 1432 2539 1487 2603; x_wconf 87' lang='grc' dir='ltr'>τοῦ</span> 
     </span>
     <span class='ocr_line' id='line_1_22' title="bbox 316 2639 732 2727; baseline 0 -21"><span class='ocrx_word' id='word_1_161' title='bbox 316 2639 425 2726; x_wconf 83' lang='grc' dir='ltr'>ἀνδρὸς</span> <span class='ocrx_word' id='word_1_162' title='bbox 448 2640 543 2727; x_wconf 74' lang='grc' dir='ltr'>αὐτῆς</span> <span class='ocrx_word' id='word_1_163' title='bbox 565 2639 732 2725; x_wconf 87' lang='grc' dir='ltr'>Θεοδότου,</span> 
     </span>
     <span class='ocr_line' id='line_1_23' title="bbox 270 2742 1486 2828; baseline 0.001 -19"><span class='ocrx_word' id='word_1_164' title='bbox 270 2745 325 2811; x_wconf 88' lang='lat' dir='ltr'>ubi</span> <span class='ocrx_word' id='word_1_165' title='bbox 348 2745 467 2810; x_wconf 89' lang='lat' dir='ltr'>omissa</span> <span class='ocrx_word' id='word_1_166' title='bbox 492 2745 608 2810; x_wconf 90' lang='lat' dir='ltr'>vocula</span> <span class='ocrx_word' id='word_1_167' title='bbox 635 2743 699 2828; x_wconf 90' lang='grc' dir='ltr'>καί,</span> <span class='ocrx_word' id='word_1_168' title='bbox 734 2763 818 2828; x_wconf 85' lang='lat' dir='ltr'>quae</span> <span class='ocrx_word' id='word_1_169' title='bbox 846 2745 929 2810; x_wconf 92' lang='lat' dir='ltr'>solet</span> <span class='ocrx_word' id='word_1_170' title='bbox 956 2743 1093 2808; x_wconf 89' lang='lat' dir='ltr'>inveniri</span> <span class='ocrx_word' id='word_1_171' title='bbox 1119 2749 1193 2828; x_wconf 92' lang='lat' dir='ltr'>post</span> <span class='ocrx_word' id='word_1_172' title='bbox 1219 2742 1486 2827; x_wconf 85' lang='grc' dir='ltr'>συνευδοκέοντος,</span> 
     </span>
     <span class='ocr_line' id='line_1_24' title="bbox 271 2846 1486 2931; baseline 0.001 -18"><span class='ocrx_word' id='word_1_173' title='bbox 271 2848 405 2914; x_wconf 89' lang='lat' dir='ltr'>maritus</span> <span class='ocrx_word' id='word_1_174' title='bbox 427 2847 507 2913; x_wconf 93' lang='lat' dir='ltr'>nihil</span> <span class='ocrx_word' id='word_1_175' title='bbox 530 2866 601 2913; x_wconf 85' lang='lat' dir='ltr'>esse</span> <span class='ocrx_word' id='word_1_176' title='bbox 626 2847 688 2913; x_wconf 89' lang='lat' dir='ltr'>nisi</span> <span class='ocrx_word' id='word_1_177' title='bbox 716 2847 910 2914; x_wconf 77' lang='grc' dir='ltr'>συνευδοκῶν</span> <span class='ocrx_word' id='word_1_178' title='bbox 936 2846 1145 2931; x_wconf 80' lang='lat' dir='ltr'>significatur.</span> <span class='ocrx_word' id='word_1_179' title='bbox 1188 2846 1285 2911; x_wconf 88' lang='lat' dir='ltr'>Haud</span> <span class='ocrx_word' id='word_1_180' title='bbox 1313 2848 1410 2913; x_wconf 90' lang='lat' dir='ltr'>aliter</span> <span class='ocrx_word' id='word_1_181' title='bbox 1441 2850 1486 2914; x_wconf 94' lang='lat' dir='ltr'>in-</span> 
     </span>
     <span class='ocr_line' id='line_1_25' title="bbox 272 2950 685 3033; baseline -0.007 -16"><span class='ocrx_word' id='word_1_182' title='bbox 272 2952 390 3033; x_wconf 84' lang='lat' dir='ltr'>tellego</span> <span class='ocrx_word' id='word_1_183' title='bbox 414 2950 685 3017; x_wconf 82' lang='lat' dir='ltr'>Chaeronensem:</span> 
     </span>
     <span class='ocr_line' id='line_1_26' title="bbox 313 3049 1487 3141; baseline 0.003 -24"><span class='ocrx_word' id='word_1_184' title='bbox 313 3053 450 3132; x_wconf 81' lang='grc' dir='ltr'>Τελλίας</span> <span class='ocrx_word' id='word_1_185' title='bbox 470 3052 612 3140; x_wconf 77' lang='grc' dir='ltr'>Εὐνόμου</span> <span class='ocrx_word' id='word_1_186' title='bbox 636 3055 690 3118; x_wconf 86' lang='grc' dir='ltr'>καί</span> <span class='ocrx_word' id='word_1_187' title='bbox 711 3049 884 3138; x_wconf 90' lang='grc' dir='ltr'>Παραμόνα</span> <span class='ocrx_word' id='word_1_188' title='bbox 905 3051 1135 3139; x_wconf 81' lang='grc' dir='ltr'>Κηφισοδώρου</span> <span class='ocrx_word' id='word_1_189' title='bbox 1160 3055 1216 3118; x_wconf 86' lang='grc' dir='ltr'>καί</span> <span class='ocrx_word' id='word_1_190' title='bbox 1236 3053 1487 3141; x_wconf 81' lang='grc' dir='ltr'>Κηφεισόδωρος</span> 
     </span>
     <span class='ocr_line' id='line_1_27' title="bbox 312 3153 1486 3246; baseline 0.003 -26"><span class='ocrx_word' id='word_1_191' title='bbox 312 3156 449 3221; x_wconf 90' lang='grc' dir='ltr'>Τελλέου</span> <span class='ocrx_word' id='word_1_192' title='bbox 470 3156 543 3221; x_wconf 84' lang='grc' dir='ltr'>κτλ·</span> <span class='ocrx_word' id='word_1_193' title='bbox 565 3156 669 3242; x_wconf 80' lang='grc' dir='ltr'>παρῆν</span> <span class='ocrx_word' id='word_1_194' title='bbox 690 3153 864 3242; x_wconf 86' lang='grc' dir='ltr'>Παραμόνᾳ</span> <span class='ocrx_word' id='word_1_195' title='bbox 886 3153 903 3220; x_wconf 89' lang='grc' dir='ltr'>ό</span> <span class='ocrx_word' id='word_1_196' title='bbox 926 3153 1003 3242; x_wconf 72' lang='grc' dir='ltr'>ἀνὴρ</span> <span class='ocrx_word' id='word_1_197' title='bbox 1027 3158 1080 3221; x_wconf 86' lang='grc' dir='ltr'>καί</span> <span class='ocrx_word' id='word_1_198' title='bbox 1094 3156 1312 3245; x_wconf 83' lang='grc' dir='ltr'>Κηφισοδώρῳ</span> <span class='ocrx_word' id='word_1_199' title='bbox 1336 3155 1353 3222; x_wconf 89' lang='grc' dir='ltr'>ό</span> <span class='ocrx_word' id='word_1_200' title='bbox 1374 3160 1486 3246; x_wconf 72' lang='grc' dir='ltr'>πατὴρ</span> 
     </span>
     <span class='ocr_line' id='line_1_28' title="bbox 312 3258 662 3346; baseline 0 -23"><span class='ocrx_word' id='word_1_201' title='bbox 312 3258 450 3338; x_wconf 90' lang='grc' dir='ltr'>Τελλέας</span> <span class='ocrx_word' id='word_1_202' title='bbox 470 3258 613 3346; x_wconf 76' lang='grc' dir='ltr'>Εὐνόμου</span> <span class='ocrx_word' id='word_1_203' title='bbox 628 3260 662 3346; x_wconf 80' lang='lat'>⁶).</span> 
     </span>
     <span class='ocr_line' id='line_1_29' title="bbox 271 3361 1488 3451; baseline 0.002 -23"><span class='ocrx_word' id='word_1_204' title='bbox 271 3364 313 3428; x_wconf 86' lang='lat' dir='ltr'>Et</span> <span class='ocrx_word' id='word_1_205' title='bbox 336 3363 378 3428; x_wconf 88' lang='lat' dir='ltr'>ad</span> <span class='ocrx_word' id='word_1_206' title='bbox 400 3362 500 3428; x_wconf 91' lang='lat' dir='ltr'>filium</span> <span class='ocrx_word' id='word_1_207' title='bbox 530 3362 582 3429; x_wconf 91' lang='lat' dir='ltr'>hie</span> <span class='ocrx_word' id='word_1_208' title='bbox 609 3381 721 3429; x_wconf 87' lang='lat' dir='ltr'>servus</span> <span class='ocrx_word' id='word_1_209' title='bbox 752 3361 893 3447; x_wconf 88' lang='lat' dir='ltr'>pertinet</span> <span class='ocrx_word' id='word_1_210' title='bbox 925 3367 958 3428; x_wconf 92' lang='lat' dir='ltr'>et</span> <span class='ocrx_word' id='word_1_211' title='bbox 990 3361 1034 3428; x_wconf 88' lang='lat' dir='ltr'>ad</span> <span class='ocrx_word' id='word_1_212' title='bbox 1066 3383 1213 3429; x_wconf 84' lang='lat' dir='ltr'>uxorem:</span> <span class='ocrx_word' id='word_1_213' title='bbox 1245 3366 1345 3431; x_wconf 82' lang='lat' dir='ltr'>verbo</span> <span class='ocrx_word' id='word_1_214' title='bbox 1378 3371 1488 3451; x_wconf 80' lang='grc' dir='ltr'>παρῆν</span> 
     </span>
     <span class='ocr_line' id='line_1_30' title="bbox 271 3465 1487 3553; baseline 0.002 -22"><span class='ocrx_word' id='word_1_215' title='bbox 271 3466 422 3534; x_wconf 87' lang='lat' dir='ltr'>docemur</span> <span class='ocrx_word' id='word_1_216' title='bbox 445 3488 501 3534; x_wconf 90' lang='lat' dir='ltr'>cur</span> <span class='ocrx_word' id='word_1_217' title='bbox 523 3473 620 3533; x_wconf 87' lang='lat' dir='ltr'>antea</span> <span class='ocrx_word' id='word_1_218' title='bbox 643 3466 777 3533; x_wconf 87' lang='lat' dir='ltr'>maritus</span> <span class='ocrx_word' id='word_1_219' title='bbox 792 3467 975 3534; x_wconf 91' lang='lat' dir='ltr'>nominatus</span> <span class='ocrx_word' id='word_1_220' title='bbox 996 3467 1053 3533; x_wconf 89' lang='lat' dir='ltr'>sit:</span> <span class='ocrx_word' id='word_1_221' title='bbox 1077 3467 1236 3553; x_wconf 86' lang='lat' dir='ltr'>epioleros</span> <span class='ocrx_word' id='word_1_222' title='bbox 1251 3465 1424 3534; x_wconf 87' lang='lat' dir='ltr'>statuenda</span> <span class='ocrx_word' id='word_1_223' title='bbox 1440 3469 1487 3534; x_wconf 88' lang='lat' dir='ltr'>ad</span> 
     </span>
     <span class='ocr_line' id='line_1_31' title="bbox 272 3569 1487 3656; baseline 0.002 -20"><span class='ocrx_word' id='word_1_224' title='bbox 272 3570 362 3636; x_wconf 91' lang='lat' dir='ltr'>cuius</span> <span class='ocrx_word' id='word_1_225' title='bbox 383 3569 482 3635; x_wconf 89' lang='lat' dir='ltr'>filium</span> <span class='ocrx_word' id='word_1_226' title='bbox 506 3569 688 3656; x_wconf 86' lang='lat' dir='ltr'>superstitis</span> <span class='ocrx_word' id='word_1_227' title='bbox 709 3569 937 3655; x_wconf 86' lang='lat' dir='ltr'>patrimonium</span> <span class='ocrx_word' id='word_1_228' title='bbox 959 3570 1013 3636; x_wconf 89' lang='lat' dir='ltr'>avi</span> <span class='ocrx_word' id='word_1_229' title='bbox 1034 3569 1211 3655; x_wconf 87' lang='lat' dir='ltr'>perveniat.</span> <span class='ocrx_word' id='word_1_230' title='bbox 1256 3573 1325 3636; x_wconf 90' lang='lat' dir='ltr'>Iam</span> <span class='ocrx_word' id='word_1_231' title='bbox 1342 3591 1420 3638; x_wconf 88' lang='lat' dir='ltr'>vcro</span> <span class='ocrx_word' id='word_1_232' title='bbox 1444 3572 1487 3638; x_wconf 92' lang='lat' dir='ltr'>de</span> 
     </span>
    </p>
   </div>
   <div class='ocr_carea' id='block_1_4' title="bbox 271 3853 1250 4446">
    <p class='ocr_par' dir='ltr' id='par_1_9' title="bbox 271 3853 1250 4446">
     <span class='ocr_line' id='line_1_32' title="bbox 362 3853 942 3926; baseline -0.002 -16"><span class='ocrx_word' id='word_1_233' title='bbox 362 3855 383 3922; x_wconf 91' lang='lat'>¹)</span> <span class='ocrx_word' id='word_1_234' title='bbox 419 3855 531 3926; x_wconf 83' lang='lat' dir='ltr'>Ussing,</span> <span class='ocrx_word' id='word_1_235' title='bbox 549 3856 630 3910; x_wconf 89' lang='lat' dir='ltr'>Inscr</span> <span class='ocrx_word' id='word_1_236' title='bbox 648 3853 689 3910; x_wconf 80' lang='lat' dir='ltr'>Gr</span> <span class='ocrx_word' id='word_1_237' title='bbox 706 3854 773 3909; x_wconf 89' lang='lat' dir='ltr'>ined</span> <span class='ocrx_word' id='word_1_238' title='bbox 791 3871 809 3924; x_wconf 92' lang='lat' dir='ltr'>p</span> <span class='ocrx_word' id='word_1_239' title='bbox 829 3856 863 3910; x_wconf 91' lang='lat'>10</span> <span class='ocrx_word' id='word_1_240' title='bbox 881 3871 942 3925; x_wconf 86' lang='lat' dir='ltr'>sqq.</span> 
     </span>
     <span class='ocr_line' id='line_1_33' title="bbox 361 3940 1060 4012; baseline -0.004 -14"><span class='ocrx_word' id='word_1_241' title='bbox 361 3943 382 4010; x_wconf 80' lang='lat'>²)</span> <span class='ocrx_word' id='word_1_242' title='bbox 418 3943 489 3998; x_wconf 90' lang='lat' dir='ltr'>Hom</span> <span class='ocrx_word' id='word_1_243' title='bbox 509 3943 551 3999; x_wconf 89' lang='lat' dir='ltr'>Od</span> <span class='ocrx_word' id='word_1_244' title='bbox 568 3943 616 4012; x_wconf 91' lang='lat' dir='ltr'>lV,</span> <span class='ocrx_word' id='word_1_245' title='bbox 635 3942 694 3996; x_wconf 90' lang='grc'>735.</span> <span class='ocrx_word' id='word_1_246' title='bbox 730 3940 775 3996; x_wconf 87' lang='lat' dir='ltr'>cfr</span> <span class='ocrx_word' id='word_1_247' title='bbox 791 3941 858 4011; x_wconf 86' lang='lat' dir='ltr'>Eur,</span> <span class='ocrx_word' id='word_1_248' title='bbox 876 3941 928 4012; x_wconf 89' lang='lat' dir='ltr'>Iph</span> <span class='ocrx_word' id='word_1_249' title='bbox 945 3941 1002 3996; x_wconf 88' lang='lat' dir='ltr'>Aul</span> <span class='ocrx_word' id='word_1_250' title='bbox 1013 3941 1060 3995; x_wconf 85' lang='lat'>46:</span> 
     </span>
     <span class='ocr_line' id='line_1_34' title="bbox 303 4025 1056 4098; baseline -0.003 -16"><span class='ocrx_word' id='word_1_251' title='bbox 303 4031 336 4096; x_wconf 78' lang='grc' dir='ltr'>σῇ</span> <span class='ocrx_word' id='word_1_252' title='bbox 355 4029 407 4097; x_wconf 89' lang='grc' dir='ltr'>γάρ</span> <span class='ocrx_word' id='word_1_253' title='bbox 427 4025 454 4097; x_wconf 82' lang='grc' dir='ltr'>μ’</span> <span class='ocrx_word' id='word_1_254' title='bbox 476 4025 567 4098; x_wconf 84' lang='grc' dir='ltr'>ἀλόχῳ</span> <span class='ocrx_word' id='word_1_255' title='bbox 585 4030 646 4083; x_wconf 82' lang='grc' dir='ltr'>τότε</span> <span class='ocrx_word' id='word_1_256' title='bbox 664 4028 820 4096; x_wconf 82' lang='grc' dir='ltr'>Τυνδάρεως</span> <span class='ocrx_word' id='word_1_257' title='bbox 837 4033 934 4097; x_wconf 83' lang='grc' dir='ltr'>πέμπει</span> <span class='ocrx_word' id='word_1_258' title='bbox 952 4027 1056 4096; x_wconf 72' lang='grc' dir='ltr'>φερνήν,</span> 
     </span>
     <span class='ocr_line' id='line_1_35' title="bbox 271 4115 1250 4274; baseline -0.005 -15"><span class='ocrx_word' id='word_1_259' title='bbox 271 4119 300 4170; x_wconf 62' lang='lat' dir='ltr'>et</span> <span class='ocrx_word' id='word_1_260' title='bbox 317 4115 598 4273; x_wconf 46' lang='lat' dir='ltr'>uddondddeddbddad</span> <span class='ocrx_word' id='word_1_261' title='bbox 613 4117 744 4274; x_wconf 42' lang='lat' dir='ltr'>dddffleosfr</span> <span class='ocrx_word' id='word_1_262' title='bbox 761 4202 917 4273; x_wconf 79' lang='lat' dir='ltr'>Kinohhoti,</span> <span class='ocrx_word' id='word_1_263' title='bbox 935 4201 1078 4258; x_wconf 75' lang='lat' dir='ltr'>Archmol</span> <span class='ocrx_word' id='word_1_264' title='bbox 1095 4201 1156 4257; x_wconf 90' lang='lat' dir='ltr'>Zeit</span> <span class='ocrx_word' id='word_1_265' title='bbox 1175 4200 1250 4257; x_wconf 81' lang='grc'>1879.</span> 
     </span>
     <span class='ocr_line' id='line_1_36' title="bbox 355 4289 823 4360; baseline -0.006 -14"><span class='ocrx_word' id='word_1_266' title='bbox 355 4289 378 4360; x_wconf 82' lang='lat'>⁴)</span> <span class='ocrx_word' id='word_1_267' title='bbox 414 4289 536 4359; x_wconf 79' lang='lat' dir='ltr'>Curtius,</span> <span class='ocrx_word' id='word_1_268' title='bbox 554 4290 654 4346; x_wconf 83' lang='lat' dir='ltr'>Anecd</span> <span class='ocrx_word' id='word_1_269' title='bbox 670 4289 763 4358; x_wconf 90' lang='lat' dir='ltr'>Delph</span> <span class='ocrx_word' id='word_1_270' title='bbox 784 4290 823 4343; x_wconf 84' lang='lat'>17.</span> 
     </span>
     <span class='ocr_line' id='line_1_37' title="bbox 356 4376 869 4446; baseline -0.002 -14"><span class='ocrx_word' id='word_1_271' title='bbox 356 4377 377 4446; x_wconf 81' lang='lat'>⁶)</span> <span class='ocrx_word' id='word_1_272' title='bbox 412 4377 474 4432; x_wconf 86' lang='lat' dir='ltr'>Bul]</span> <span class='ocrx_word' id='word_1_273' title='bbox 493 4377 528 4432; x_wconf 91' lang='lat' dir='ltr'>de</span> <span class='ocrx_word' id='word_1_274' title='bbox 547 4393 611 4432; x_wconf 86' lang='lat' dir='ltr'>corr</span> <span class='ocrx_word' id='word_1_275' title='bbox 629 4377 684 4432; x_wconf 90' lang='lat' dir='ltr'>hell</span> <span class='ocrx_word' id='word_1_276' title='bbox 704 4376 772 4432; x_wconf 80' lang='grc'>1884</span> <span class='ocrx_word' id='word_1_277' title='bbox 788 4393 808 4446; x_wconf 89' lang='lat' dir='ltr'>p</span> <span class='ocrx_word' id='word_1_278' title='bbox 826 4377 869 4432; x_wconf 87' lang='lat'>55.</span> 
     </span>
    </p>
   </div>
   <div class='ocr_carea' id='block_1_5' title="bbox 0 0 1533 5025">
    <p class='ocr_par' dir='ltr' id='par_1_10' title="bbox 0 0 1533 5025">
     <span class='ocr_line' id='line_1_38' title="bbox 0 0 1533 5025; baseline 0 0"><span class='ocrx_word' id='word_1_279' title='bbox 0 0 1533 5025; x_wconf 95' lang='lat' dir='ltr'> </span> 
     </span>
    </p>
   </div>
  </div>
 </body>
</html>
