3050 5025
777 314 976 414 -3-2...

273 543 313 589 ao
334 528 449 609 postea
470 531 564 610 pater
585 524 670 591 ultro
694 523 735 589 de
758 544 819 590 sua
841 543 876 590 re
900 524 1054 593 familiari
1068 525 1192 608 aliquid
1213 524 1379 610 adiecit¹):
1403 524 1496 608 quod

272 624 528 693 additamentum
555 626 674 693 mansit
703 627 827 710 dosque
855 627 945 695 facta
975 638 1039 712 est,
1072 648 1144 695 cum
1165 628 1254 697 illius
1275 628 1371 714 pretii
1394 648 1495 693 nemo

273 728 339 795 iam
354 730 550 797 Graecorum
565 730 771 797 meminisset.
804 732 843 796 ln
857 731 1037 797 Homericis
1051 731 1247 797 carminibus
1267 751 1331 799 sor
1352 730 1394 795 τοὶ
1418 731 1496 795 ἕδνα

273 837 304 896 et
331 830 372 898 de
399 834 493 901 donis
520 834 607 920 patri
635 833 720 900 datis
748 833 951 920 usurpatur²)
981 840 1013 898 el
1034 833 1076 898 de
1098 833 1174 900 dote
1197 854 1301 901 novae
1322 839 1453 919 nuptae
1475 855 1494 899 a

272 940 366 1019 putre
388 936 609 1023 constituta³):
642 942 848 1022 praetereaa
870 936 977 1021 procis
999 936 1141 1020 uirgines
1164 937 1313 1022 accipere
1332 938 1409 1003 ἕδνα
1425 936 1511 1023 ple¹

273 1058 406 1122 rumque
428 1039 618 1127 videntur‘).
662 1030 873 1106 constituitur
900 1045 1009 1105 autem
1038 1039 1096 1106 dos
1124 1040 1216 1107 uxori
1244 1045 1277 1105 et
1297 1039 1495 1105 hereditatis

272 1142 355 1226 looo,
378 1162 462 1225 quae
484 1142 613 1226 quidem
635 1143 677 1209 ab
699 1141 852 1209 intestato
875 1142 917 1209 ad
934 1143 1084 1209 mulieres
1099 1164 1163 1209 non
1177 1143 1345 1228 pervenire
1360 1142 1493 1228 solet⁵),

275 1250 308 1310 et
329 1244 373 1311 ad
395 1265 494 1311 onera
509 1245 710 1313 'matrimonii
732 1244 960 1331 smunendal).

356 1348 492 1414 Athenis
514 1348 622 1415 dotem
644 1349 771 1434 legibus
793 1350 912 1433 requiri
940 1387 982 1397 -
1010 1350 1044 1415 id
1067 1350 1152 1433 quod
1175 1350 1366 1433 Desp‘ardins
1387 1356 1494 1433 negat

273 1487 313 1501 -
337 1450 533 1518 contendunt
554 1453 684 1519 Bunsen
707 1459 739 1517 et
762 1451 845 1519 Gide
868 1458 901 1518 et
914 1452 1135 1532 Burrilloau⁷).
1179 1452 1240 1519 Hic
1261 1453 1363 1518 tribus
1378 1451 1494 1519 causis

271 1554 381 1639 utitur,
404 1574 539 1637 quarum
561 1554 646 1621 duae
668 1554 711 1620 ad
726 1575 779 1622 res
793 1556 1033 1623 Atheniensium
1049 1557 1225 1641 pertinent:
1248 1562 1363 1623 neutra
1377 1561 1493 1622 tamen

275 1657 440 1743 probatur.
485 1658 612 1725 Solonis
638 1656 753 1724 laudat
780 1659 886 1741 legem
914 1677 980 1741 qua
1006 1657 1129 1724 archon
1152 1659 1301 1725 iubeatur
1322 1659 1493 1743 proximos

274 1778 393 1844 genere
414 1760 543 1846 publice
566 1767 601 1827 ut
623 1759 735 1827 dotent
756 1760 856 1825 filiam
879 1761 991 1826 orbam
1019 1780 1145 1844 cogere.
1188 1761 1334 1827 Fortiore
1360 1761 1493 1827 ratione

270 1902 473 1909 —u-——----—,

364 1966 386 2035 1)
422 1965 465 2021 cfr
482 1965 556 2021 Hom
574 1966 597 2020 Il
615 1966 664 2035 IX,
684 1966 747 2019 147:

306 2057 376 2107 reims
397 2053 431 2123 ἥν
452 2049 476 2106 α’
503 2056 612 2121 ἐθέλῃσι
634 2056 713 2121 φίλην
729 2048 858 2106 ἀνάεδνον
875 2047 983 2120 ἀγέσθω

305 2140 371 2207 πρὸς
390 2145 463 2193 οῐιιον
480 2142 602 2209 Πηλῆος·
621 2140 674 2208 ἐγώ
692 2135 717 2192 δ’
738 2143 781 2192 ἐπ)
798 2142 884 2207 μείλια
903 2140 978 2193 δώσω

307 2226 395 2280 πολλὰ
413 2222 477 2294 μάλ’
497 2220 554 2279 δσσ’
576 2225 649 2279 οὔπω
668 2243 705 2289 τις
724 2228 756 2293 ἑῇ
775 2229 895 2279 ἐπέδωκε
912 2228 1032 2294 θυγατρί.

359 2312 381 2382 ¹)
416 2313 533 2382 IlXVI,
554 2312 615 2368 178:

310 2399 341 2465 ὅς
360 2396 384 2467 ῤ’
406 2395 558 2467 ἀναφανδὸν
575 2399 651 2453 ὄπυιε
668 2401 756 2467 πορών
775 2396 912 2468 ἀπερείσια
930 2404 1001 2453 ἕδνα.

272 2486 315 2544 od
333 2488 409 2558 Vm,
427 2486 492 2543 318:

307 2577 397 2630 εἰσόκε
414 2594 459 2644 μοι
476 2576 550 2644 μάλα
567 2575 653 2629 τιάντα
671 2575 758 2644 πατὴρ
778 2571 910 2628 ἀποδώσει
929 2578 1014 2629 ἔεδνα.

361 2664 382 2734 ³)
419 2661 754 2732 0d1,277ot11,196:

305 2755 331 2804 οἱ
349 2754 378 2804 δὲ
395 2749 481 2818 γάμον
499 2750 616 2812 τεύξουσι
633 2753 681 2803 καί
699 2744 867 2816 ἀρτυνέουσιν
885 2751 972 2802 ἔεδνα.

356 2838 379 2905 ⁴)
415 2835 458 2892 Od
475 2837 524 2906 VI,
543 2837 608 2891 159:

306 2924 337 2988 ὅς
354 2929 388 2978 si
406 2920 429 2976 σ’
451 2927 562 2977 ἐέδνοισι
580 2928 669 2991 βρίσας
688 2919 785 2976 οῐιιόνδ’
805 2918 948 2991 ἀγάγηται

270 3010 444 3066 cfromnino
462 3011 567 3066 dannot
584 3009 676 3079 pros,
769 3029 779 3049 ·

357 3099 378 3167 ⁵)
413 3097 521 3167 Antiqu
539 3096 586 3151 for
602 3114 621 3165 p
639 3097 681 3150 66.

359 3184 379 3253 ο)
415 3184 500 3253 Apud
524 3182 681 3239 (romanos
703 3187 810 3252 nuptae
827 3182 895 3239 nihil
912 3183 998 3240 datur
1020 3181 1221 3252 aparentibus
1243 3181 1297 3238 nisi
1313 3182 1488 3240 vestimenta

270 3279 300 3329 et
318 3271 443 3342 supellex
462 3269 609 3341 quaedam,
627 3286 689 3325 cum
707 3271 824 3326 maritus
843 3271 870 3325 ei
887 3271 982 3326 dotem
1001 3270 1063 3324 sive
1075 3269 1200 3340 nuptiale
1212 3285 1312 3324 munus
1321 3270 1489 3338 constituat,

271 3365 303 3416 ut
324 3359 428 3414 viduae
452 3357 539 3413 rebus
565 3358 603 3413 sit
624 3361 807 3427 prospectum
832 3356 996 3426 (Labandp
1023 3356 1090 3425 182).
1140 3356 1200 3412 Nec
1227 3356 1318 3411 minus
1336 3357 1440 3412 marito
1459 3358 1487 3411 in

271 3445 457 3502 Thalmudico
474 3445 535 3499 iure
555 3444 671 3499 donatio
689 3449 809 3515 propter
831 3445 944 3514 nuptias
962 3444 1117 3514 imperatur
1134 3450 1220 3530 ³13an
1243 3447 1275 3497 ut
1294 3443 1488 3512 prospiciatur

270 3552 389 3609 viduae:
415 3564 523 3605 summa
541 3548 652 3618 legibus
671 3549 847 3620 designatur,
870 3565 954 3619 quam
971 3554 1066 3603 tamen
1083 3563 1219 3618 superare
1237 3547 1311 3602 licet.
1346 3548 1383 3602 Et
1400 3548 1486 3619 virgo

272 3639 384 3710 quidem
410 3637 475 3707 plus
503 3651 586 3706 quam
613 3635 701 3692 vidua
728 3637 833 3706 accipit
858 3640 1012 3706 propterea
1039 3635 1115 3705 quod
1137 3633 1202 3689 huic
1219 3638 1402 3702 prospectum
1420 3649 1486 3690 esso

271 3726 327 3781 iarn
354 3727 470 3794 oportet
501 3737 519 3777 a
544 3723 641 3792 priore
667 3723 779 3778 marito.
817 3722 950 3778 Ceterum
975 3737 1011 3776 nc
1038 3721 1113 3776 dotis
1141 3721 1254 3791 quidem
1280 3737 1383 3777 nomon
1408 3722 1486 3792 apud

272 3813 395 3868 Iudaeos
421 3809 577 3866 inauditum
604 3814 647 3865 est
673 3810 805 3881 (Pronus,
830 3809 927 3880 Legisl
952 3814 1000 3865 clv
1022 3809 1060 3864 du
1084 3809 1218 3864 Talmud:
1236 3808 1329 3866 Journ
1352 3810 1403 3865 des
1426 3809 1485 3865 Sar

271 3899 360 3966 1874).
395 3896 478 3964 Quod
504 3897 711 3953 matrimonium
738 3898 833 3968 aliqua
859 3913 891 3952 rc
918 3896 1027 3952 mulieri
1053 3911 1072 3951 a
1097 3895 1199 3951 marito
1228 3895 1298 3952 data
1319 3896 1423 3952 iustum
1446 3895 1484 3962 fit,

270 3986 420 4056 emptionis
437 3985 572 4056 reliquias
590 3985 779 4055 agnoscimus.

356 4073 377 4142 7)
412 4072 535 4141 Bunsen‚
558 4073 601 4128 De
619 4071 663 4126 iur
680 4071 769 4126 hored
786 4070 890 4126 Athon.
926 4069 998 4126 Gide
1023 4087 1042 4140 p
1063 4069 1112 4124 91:
1140 4069 1235 4138 „Pour
1256 4069 1349 4124 mienx
1369 4084 1483 4125 assurcr

270 4159 485 4218 l'individualite
510 4160 545 4214 de
568 4160 597 4214 la
620 4157 721 4214 femme
740 4158 854 4227 marite,
880 4158 909 4213 la
925 4157 964 4212 loi
981 4172 1106 4227 greoque
1124 4156 1163 4213 lui
1181 4157 1295 4226 assigno
1313 4173 1367 4212 une
1385 4158 1437 4212 dot
1455 4162 1483 4212 et

269 4247 401 4318 organise
419 4247 446 4302 le
464 4247 570 4316 regine
591 4246 670 4301 dotal
687 4260 760 4300 avec
778 4261 832 4300 uns
851 4257 969 4314 sagesse
987 4245 1058 4300 otc.“
1098 4244 1264 4312 Barrilleau,
1281 4244 1325 4299 De
1337 4244 1366 4299 la
1377 4245 1482 4300 constit

270 4337 305 4392 do
324 4334 448 4390 dotdans
464 4333 537 4388 l'anc
556 4331 661 4388 Grece:
688 4332 774 4388 Nouv
790 4347 843 4387 rev
859 4330 918 4387 hist
934 4330 969 4385 'da
987 4331 1064 4388 droit
1081 4331 1143 4400 VH,
1163 4330 1221 4385 153.
