3050 5025
755 320 958 419 Aa„

250 525 436 610 patrimonii
457 528 561 593 vetari
584 534 683 611 negat
696 529 728 610 ¹).
784 527 892 604 Quare
915 536 947 594 et
973 529 1060 596 filiae
1089 530 1270 615 complures
1302 531 1374 616 pari
1396 532 1471 597 iure

251 635 325 693 sunt
347 635 379 694 et
400 629 618 696 hereditariae
640 631 717 697 lieet
739 632 837 697 etiam
858 632 999 699 maximo
1022 632 1160 700 alieuius
1181 632 1247 700 lilio
1270 635 1400 700 nubere.

336 768 464 833 Oretum
487 772 536 832 est
558 766 599 833 de
621 767 800 853 ἐπικλήροις
822 770 875 834 lex
899 790 1002 853 eaque
1023 770 1252 855 vetustissima,
1276 772 1366 838 ouius
1388 792 1470 856 pars

250 871 297 936 sie
319 869 436 952 legitur
448 868 486 952 ²):

291 1004 358 1083 τὸν,
380 1006 618 1093 έπιβαλλόντανς
639 1007 759 1094 έξῆμεν,
784 1011 820 1072 αἶ
837 1031 881 1073 κα
896 1006 1003 1075 θανών
1025 1032 1069 1087 τις
1082 1010 1276 1095 πατρῳῶχον
1295 1009 1468 1097 καταλίπῃ,

291 1105 314 1195 ἢ
337 1107 445 1186 αὖτὸνς
466 1110 620 1194 πρίασθαι
641 1108 681 1174 τὰ
702 1110 853 1197 χρήματα
874 1111 896 1197 ἢ
919 1111 982 1196 πὰρ
1004 1113 1071 1190 τὸνς
1094 1111 1255 1199 ματρῴανς
1271 1113 1467 1199 καταθέμεν,

293 1202 329 1289 ἇς
351 1234 394 1275 κα
417 1210 559 1297 ὀπυίηται
582 1212 603 1276 ἁ
623 1215 827 1299 πατρῳῶχος,
850 1217 904 1278 καὶ
927 1216 1049 1280 δικαίαν
1070 1213 1149 1301 ἦμεν
1170 1213 1225 1282 τάν
1247 1213 1327 1282 dveit
1341 1218 1396 1280 καὶ
1410 1214 1470 1281 τὰν

293 1314 474 1382 κατάθεσιν.
499 1317 530 1379 αἰ
552 1314 583 1380 δ’
607 1315 701 1394 ἄλλος
723 1315 844 1401 πρίαιτό
866 1341 909 1395 τις
930 1317 1081 1404 χρήματα
1102 1318 1310 1404 ῆκαταθεῖτο
1331 1325 1465 1396 τῶνταῖς

293 1417 488 1504 πατρῳώχω,
515 1417 554 1482 τὰ
583 1421 637 1505 μέν
665 1418 816 1506 χρήματα
845 1421 895 1485 ἐπὶ
915 1428 955 1508 τᾷ
976 1420 1161 1507 πατρῳώχῳ
1183 1420 1272 1508 ἦμεν,
1295 1419 1312 1485 ὁ
1334 1417 1365 1485 δ’
1389 1420 1469 1486 ἀπο-

295 1522 422 1608 δόμενος
448 1521 470 1607 ἠ
498 1523 655 1599 καταθένς
681 1522 724 1608 τῷ
752 1523 912 1609 πριαμένῳ
940 1522 962 1609 ἤ
984 1524 1202 1611 καταθεμένῳ,
1226 1526 1261 1588 αῖ
1272 1547 1316 1589 κα
1336 1526 1468 1610 νικαθῇ,

293 1626 386 1712 διπλῇ
409 1634 608 1691 καταστασεῖ·
631 1627 690 1689 καῖ
708 1626 735 1690 τί
757 1624 785 1691 κ’
810 1626 892 1691 ἀλλα
914 1634 969 1705 τᾶς
990 1626 1012 1713 r]
1037 1628 1093 1712 (22),
1121 1629 1157 1693 τό
1178 1622 1296 1693 ἁπλόον
1319 1628 1469 1693 ἐπικατα-

291 1751 407 1796 στασει.

249 1866 410 1933 Videlioet
432 1863 474 1929 de
496 1863 564 1931 filia
585 1865 727 1931 nondum
743 1871 845 1949 nupta
859 1866 963 1951 primo
985 1867 1057 1933 loeo
1074 1868 1192 1952 agitur,
1214 1888 1298 1951 quae
1313 1870 1469 1935 infirmior

249 1968 376 2035 videtur
409 1987 505 2051 quam
538 1973 574 2033 ut
607 1989 675 2034 rem
707 1968 934 2035 administrare
967 1970 1159 2036 familiarem
1195 1974 1308 2057 possit,
1342 1994 1414 2039 eum
1446 1995 1468 2039 a

248 2073 407 2139 tutoribus
428 2070 463 2136 id
485 2072 643 2156 postulari
665 2076 814 2154 nequeat.
865 2073 1094 2139 Conservanda
1120 2093 1173 2140 res
1201 2074 1286 2140 intra
1308 2075 1469 2141 familiam

247 2176 352 2261 ipsam
375 2181 434 2241 est.

333 2311 499 2379 Theraeus
521 2312 690 2398 Epictetae
711 2318 809 2397 pater
827 2332 980 2396 germano
1003 2313 1104 2378 fratre
1126 2314 1265 2379 carentis
1286 2313 1387 2379 filium
1403 2316 1467 2381 sihi

248 2417 427 2499 arrogavit:
464 2412 659 2501 Ἀντισθένης
688 2406 859 2498 Ἰσοκλεῦς,
899 2413 982 2479 κατὰ
1024 2417 1060 2481 δέ
1101 2410 1249 2483 debeatur
1291 2416 1416 2501 Pplvveo
1430 2419 1465 2502 ³).

249 2520 395 2585 Phoenix
417 2517 554 2598 maritus
576 2519 745 2603 Epictetae
768 2519 845 2584 item
868 2517 980 2584 Grinni
1008 2518 1093 2585 filius
1115 2520 1287 2606 adoptivus
1310 2541 1468 2589 essenon

247 2622 380 2689 dieitur:
403 2640 505 2704 quare
526 2627 592 2706 aut,
615 2622 643 2688 si
665 2622 761 2689 unioa
783 2621 853 2687 filia
873 2621 1023 2707 Epicteto
1052 2629 1117 2707 est,
1151 2625 1245 2689 tertio
1279 2626 1410 2690 saeoulo
1433 2627 1467 2690 in

248 2726 356 2791 Thera
383 2723 485 2789 lilium
519 2724 684 2808 arroganti
716 2725 800 2790 siout
832 2724 971 2810 Spartae
1005 2725 1236 2811 posterioribus
1268 2729 1469 2812 temporibus

246 2826 478 2894 hereditariam
493 2827 571 2892 lieet
585 2834 676 2894 extra
691 2833 822 2910 gentem
837 2828 1009 2912 collocare,
1031 2835 1097 2912 aut,
1113 2829 1141 2894 si
1157 2848 1283 2895 sorores
1295 2830 1467 2916 Epietetae

248 2937 332 3016 sunt,
355 2930 421 2996 illie
443 2930 533 2996 velut
547 2930 682 2996 Athenis
698 2929 916 3014 compluribus
938 2929 1068 2996 filiabus
1082 2951 1181 2996 unum
1196 2931 1297 2998 lilium
1311 2953 1467 3018 arrogare

246 3032 400 3101 heredem
422 3032 502 3100 satis
524 3040 583 3099 est.
626 3033 775 3117 Denique
797 3034 958 3100 mentione
987 3033 1118 3117 dignum
1140 3033 1364 3120 hereditarias,
1393 3057 1466 3102 oum

250 3138 336 3204 aliae
369 3137 521 3202 mulieres
560 3136 762 3218 matrimonio
801 3137 880 3201 inito
917 3136 1026 3202 statim
1058 3137 1117 3202 illa
1150 3137 1305 3204 societate
1337 3142 1466 3225 propin-

248 3261 383 3327 quorum
406 3238 629 3324 exeluduntur,
651 3259 710 3324 per
732 3259 827 3305 omne
848 3239 936 3305 vitae
958 3245 1093 3323 tempus,
1117 3239 1215 3304 etiam
1238 3261 1310 3306 oum
1325 3241 1462 3328 maritis,

247 3363 452 3430 permanere:
482 3344 537 3407 καὶ
563 3340 603 3406 τὰ
630 3342 724 3408 τέκνα
753 3339 865 3424 αὐτῶν,
886 3339 926 3406 τὰ
948 3343 1003 3428 μέν
1025 3340 1151 3426 θήλεια,
1174 3343 1232 3420 tog
1253 3345 1308 3407 καὶ
1329 3341 1389 3409 ὑπὸ
1412 3344 1464 3411 τὸν

246 3447 368 3532 πατέρα
390 3446 458 3512 κτλ·
492 3445 736 3530 πορευέσθωσαν
758 3446 794 3509 δέ
816 3447 871 3509 καὶ
893 3445 926 3509 αῖ
947 3443 1109 3530 έπέκλαροι
1129 3446 1184 3508 καὶ
1206 3445 1236 3510 ot
1256 3445 1462 3526 ξυναικοῡντες

247 3549 362 3628 αὐταῖς.

332 3670 474 3736 Aehaioo
497 3665 640 3733 Xuthiae
662 3667 756 3733 titulo
784 3673 929 3753 potestas
955 3667 1085 3733 filiabus
1106 3666 1152 3752 dt,
1181 3668 1209 3733 si
1230 3666 1290 3732 filii
1312 3689 1377 3736 non
1399 3671 1463 3735 sint

246 3775 354 3858 futuri,
376 3771 534 3858 peeuniae
557 3790 597 3836 ex
619 3790 712 3837 saero
734 3771 941 3857 repetendae.

248 3964 451 3977 ——-——-—

335 4084 355 4154 ¹)
390 4083 499 4150 hlanso,
517 4078 622 4151 Sparta
634 4080 648 4135 1
662 4080 724 4151 121,
743 4080 863 4136 llllllerl
880 4082 919 4151 lp
933 4080 997 4153 193,
1017 4080 1187 4149 Laehmauu,
1201 4079 1287 4150 Spart
1299 4078 1463 4136 Staatsverf

248 4174 311 4244 172,
329 4172 430 4227 Iauuet
447 4168 495 4238 77,
513 4168 642 4237 Lipsius:
660 4168 782 4223 Bursian
799 4168 956 4224 Jahresher
972 4169 1000 4224 Il
1020 4168 1095 4225 1342.

332 4259 355 4327 Β)
390 4255 482 4311 Roehl
498 4254 566 4310 Iun
584 4255 649 4326 475,
667 4256 728 4311 Mus
746 4254 829 4310 Rhen
840 4255 972 4324 XXXVI,
990 4254 1051 4310 612.

334 4344 355 4416 ³)
391 4341 566 4400 0111244a
1035 4349 1040 4359 ·
