3050 5025
654 304 695 367 bd

150 512 342 600 Amphissae
363 513 452 578 filiae
467 516 648 599 complures
664 515 735 600 pari
749 514 819 579 iure
833 519 922 579 sunt:
945 516 1031 580 tituli
1046 516 1129 581 enim
1146 515 1281 600 Delphis

61 618 193 703 reperti,
216 617 272 682 ubi
293 617 458 700 Megaoles
480 618 714 703 Amphissanus
736 618 951 684 manumissor
973 625 1022 683 est
1033 619 1070 701 ¹):

105 717 300 806 παραλαβών
322 719 495 805 Μεγακλῆς
516 719 572 785 τὰν
594 719 675 786 ώνοὶν
697 719 785 805 παρὰ
801 721 856 786 τᾶν
872 718 1010 806 ἀδελφάν
1031 720 1280 808 τᾶνΕὖμνάστου

3 820 4 843 ³
106 824 299 909 θυγατέρων,
327 823 453 909 Κρινέου
471 817 676 910 Ἀμφισοίδος,
699 823 748 888 A·
763 845 769 859 ·
784 839 812 858 ··
835 823 1092 901 Καλλιπολιτίδος
1121 828 1175 888 καὶ
1203 824 1280 910 ὑπέρ

105 926 317 1012 Κλευποίτραν
332 928 500 1013 Τριχονίδα
514 926 697 1013 Εὐμνοίστου
713 927 889 1013 Τριχονέος,
911 925 967 992 τὰν
990 927 1150 991 ἐπίστευσε
1164 928 1282 993 Νίκαια

107 1024 300 1109 αὖτοσαυτᾶς
322 1030 401 1098 dudo
415 1030 731 1097 ΕΠΙΣΩΠΟΝΠΙΑΙ
745 1029 918 1117 Εὐμνάοτῳ
934 1032 977 1115 τῷ
999 1030 1109 1116 πατέρι
1131 1030 1237 1115 αὐτᾶν,

59 1142 151 1200 recte
177 1137 248 1221 ipse
271 1135 506 1201 Haussonillier
534 1138 586 1200 res
615 1134 766 1219 explicat.
822 1134 901 1199 Oum
935 1133 1031 1199 herus
1059 1141 1193 1219 accepto
1218 1156 1282 1202 ma-

59 1237 271 1304 numissionis
293 1238 396 1323 pretio
418 1239 543 1303 interea
565 1237 736 1303 defunctus
759 1244 855 1321 esset,
883 1236 970 1303 filiae
997 1243 1063 1303 tres
1090 1238 1123 1302 in
1145 1238 1282 1321 singulis

60 1340 192 1426 oppidis
205 1341 352 1424 singulae
362 1341 548 1407 habitantes
556 1340 747 1425 Amphissae
758 1340 1081 1425 CallipoliTrichonii
1092 1342 1283 1409 liberandae

60 1464 178 1509 servae
201 1464 311 1509 curam
333 1443 473 1527 Megacli
495 1442 698 1509 tradiderunt
720 1444 845 1528 primae
867 1443 954 1508 illius
977 1445 1114 1527 coniugi.
1165 1445 1283 1510 Miran-

60 1545 141 1610 dum
162 1553 271 1611 tamen
293 1545 379 1629 quod
406 1567 465 1631 pro
493 1547 589 1611 tertia
611 1547 705 1611 nohis
727 1546 775 1611 vir
803 1552 960 1613 occurrat.
1009 1547 1042 1611 Is
1064 1547 1135 1612 vice
1157 1552 1283 1613 tautum

58 1649 204 1713 feminae
227 1668 432 1732 nequaquam
447 1648 601 1732 fungitur,
625 1669 696 1714 eum
719 1648 799 1713 nihil
815 1649 867 1714 hic
887 1649 994 1733 ipsam
1019 1649 1131 1713 iubere
1145 1650 1281 1716 intersit.

58 1754 164 1817 Immo
193 1759 319 1818 mortua
351 1752 417 1817 iam
449 1750 601 1817 habenda
635 1758 684 1817 est
717 1765 749 1816 et
776 1750 974 1817 Eumnastus
1007 1759 1139 1836 propter
1165 1773 1283 1819 nomen

60 1856 187 1921 avitum
208 1854 336 1920 videtur
358 1854 459 1920 filius:
482 1856 545 1921 uisi
560 1855 643 1921 forte
658 1854 825 1920 Trichonii
847 1859 949 1918 matre
971 1852 1169 1920 hereditaria
1184 1856 1282 1922 etiam

59 1958 236 2043 superstite
258 1958 324 2022 filio
345 1977 398 2022 res
420 1957 566 2041 obtingit.

149 2078 326 2162 Mytilenae
349 2097 476 2161 quoque
498 2078 569 2162 pari
592 2079 661 2143 iure
683 2083 757 2142 sunt
779 2075 996 2142 hereditariae
1019 2079 1210 2163 complures,
1234 2080 1282 2145 cfr

60 2180 189 2245 Aristot
219 2180 280 2245 Pol
302 2180 341 2263 V,
364 2181 393 2264 3,
417 2182 454 2245 3:
493 2184 565 2265 περὶ
596 2180 773 2265 Μυτιλήνην
806 2182 841 2244 δέ
870 2180 902 2258 ἐξ
936 2180 1112 2266 ἐπικλήρων
1145 2181 1283 2262 στάσεως

59 2283 232 2369 γενομένης
253 2282 378 2349 πολλῶν
406 2282 529 2367 ἐγένετο
558 2281 643 2369 ἀρχὴ
672 2284 780 2347 κακῶν
808 2282 875 2346 ντλ·
916 2282 1111 2369 Τιμοφάνους
1138 2283 1199 2370 γὰρ
1221 2288 1282 2352 τῶν

62 2384 205 2470 εὐπόρων
237 2385 316 2463 τινὸς
347 2385 570 2464 καταλιπόντος
603 2385 658 2451 δύο
688 2386 866 2471 θυγατέρας
900 2379 917 2449 ὅ
945 2388 1131 2471 περιωσθεὶς
1163 2392 1219 2453 καὶ
1245 2384 1281 2454 οὔ

61 2490 171 2579 λαβών
194 2499 256 2568 τοῖς
278 2489 370 2556 υἱέσιν
393 2486 488 2555 αὐτοῦ
510 2489 681 2575 Δέξανδρος
703 2488 779 2576 ἦρξε
801 2490 857 2574 τῆς
879 2489 1026 2568 στάσεως.

150 2613 200 2678 En
222 2612 348 2695 legibus
369 2613 515 2678 Platonis
538 2613 609 2697 (XI,
634 2613 665 2695 t)
688 2610 896 2694 hereditaria,
924 2611 985 2675 nisi
1015 2617 1109 2696 pater
1129 2633 1283 2696 generum

67 2722 264 2782 testamento
288 2715 439 2800 scripsit,
459 2735 524 2780 una
557 2735 628 2780 eum
662 2714 806 2780 defuncti
839 2714 926 2779 clero
958 2712 1002 2778 ad
1029 2714 1124 2780 huius
1151 2715 1284 2782 fratrem

63 2819 154 2884 venit
177 2819 264 2884 clero
288 2824 451 2884 carentem
474 2817 746 2900 consanguineum
779 2817 981 2881 uterinumve
1014 2824 1071 2882 aut
1103 2817 1146 2883 ad
1175 2819 1284 2886 fratris

61 2920 165 2985 filium
187 2927 244 2985 aut
272 2922 315 2985 ad
348 2920 449 2985 filium
482 2919 599 2986 sororis
633 2927 690 2986 aut
722 2919 766 2985 ad
788 2919 933 2985 defuncti
953 2926 1104 3004 patruum
1126 2922 1284 3006 huiusque

64 3024 168 3090 filium
192 3023 313 3089 autad
336 3043 408 3088 eum
436 3023 525 3090 cuius
549 3030 652 3089 mater
674 3029 724 3089 est
746 3023 890 3089 defuncti
912 3023 1027 3090 amita:
1062 3024 1089 3090 si
1111 3031 1219 3090 autem
1243 3045 1283 3090 ex

62 3127 114 3192 his
137 3147 230 3191 nemo
254 3131 310 3191 aut
332 3133 496 3211 superstes
519 3133 575 3192 aut
597 3133 705 3192 aetate
728 3132 824 3211 aptus
847 3135 905 3208 est,
933 3126 1007 3211 ipsa
1034 3125 1103 3192 filia
1125 3129 1283 3194 tutoribus

63 3228 220 3294 adhibitis
242 3229 392 3295 maritum
415 3229 477 3296 sibi
501 3229 601 3314 eligit,
624 3229 769 3294 defuncti
790 3227 942 3294 heredem
954 3229 987 3311 ²).

170 3474 203 3545 2.
249 3471 316 3545 De
343 3471 711 3546 ascendentibus
738 3483 781 3546 et
809 3472 1183 3550 collateralibus.

150 3624 239 3689 Inter
251 3624 463 3692 ascendentes
475 3632 507 3691 et
519 3627 725 3693 collaterales
736 3647 831 3710 quem
843 3629 949 3693 locum
964 3629 1104 3695 feminae
1116 3630 1284 3698 obtineant

65 3727 211 3810 Athenis,
231 3727 292 3793 hoc
313 3747 412 3793 unum
427 3729 573 3814 proditur
595 3730 779 3795 memoriae.
823 3731 981 3798 Nimirum
992 3733 1065 3817 pari
1081 3735 1282 3816 cognationis

65 3829 170 3914 gradu
203 3829 383 3906 hereditate
410 3830 551 3897 feminae
590 3853 611 3898 a
644 3833 787 3899 maribus
826 3833 1039 3901 excluduntur
1078 3843 1110 3900 et
1148 3836 1282 3921 stirpem
1392 3912 1397 3920 ⁵

155 4152 176 4222 1)
212 4154 277 4207 Bull
295 4153 330 4208 de
349 4171 414 4208 corr
431 4155 487 4211 hell
506 4157 581 4225 1881,
600 4175 618 4228 p
637 4161 697 4214 419.

152 4239 173 4309 ²)
208 4240 413 4311 KFHermann,
440 4243 487 4296 Iur
513 4245 624 4300 domest
652 4251 681 4302 et
710 4246 788 4302 famil
810 4247 887 4316 apud
910 4247 975 4302 Plat
1001 4247 1030 4302 in
1056 4249 1116 4319 Leg
1143 4265 1205 4303 cum
1232 4254 1282 4306 vet

69 4323 159 4380 Graec
177 4327 257 4380 instit
275 4342 391 4396 compar
409 4344 427 4396 p
445 4328 489 4382 26.
