3050 5025
663 299 704 362 69

157 502 251 568 Plato
281 503 358 568 item
387 508 422 567 ut
450 502 542 569 testis
575 503 690 569 mulier
722 502 861 589 prodeat
888 503 1106 589 quadraginta
1132 524 1288 572 annorum

7 646 8 655 κ
69 604 238 688 permittit.
512 593 516 602 ’

160 710 251 775 Alius
273 710 401 794 generis
423 714 523 775 testes
545 714 619 775 sunt
640 709 674 774 in
689 710 791 776 titulis
813 711 1098 777 manumissionum
1112 710 1290 796 Delphicis,

7 838 8 849 2
70 814 126 896 qui
149 813 343 897 gravitatem
377 814 592 880 caerimoniae
625 819 784 897 augeant:
819 812 853 878 id
886 833 987 896 genus
1014 814 1155 879 muneris
1177 833 1218 879 ne
1240 813 1291 878 his

6 916 7 919 ’
72 916 204 999 quidem
226 916 424 1001 temporibus
446 917 597 982 mulieres
610 923 779 1001 praestare
793 924 938 1001 possunt,
961 938 1033 984 oum
1055 918 1213 1001 reliquiae
1227 916 1293 982 siut

6 1026 7 1031 ’
70 1020 170 1085 morIs
210 1020 338 1104 pristini
375 1020 507 1104 negotia
544 1020 578 1085 in
612 1020 760 1085 contione
802 1020 1005 1105 perficiendi:
1042 1040 1107 1102 qua
1142 1020 1291 1085 nimirum

5 1184 6 1209 ,
70 1122 286 1189 exeluduntur
306 1122 455 1190 feminae.

501 1330 534 1400 o.
579 1329 622 1398 Ita
645 1329 860 1399 iureiurando.

157 1467 384 1534 Iusiurandum
412 1468 446 1532 in
476 1466 595 1532 iudioio
624 1466 703 1532 dare
732 1466 860 1532 seminis
887 1466 1139 1533 Atheniensibus
1171 1467 1248 1533 lieet
1260 1468 1292 1551 ¹).

68 1570 226 1635 Maiorem
269 1572 353 1637 solet
397 1571 431 1634 in
474 1568 591 1635 divinis
636 1571 732 1635 rebus
777 1568 907 1635 omnino
946 1575 1142 1655 potestatem
1181 1571 1295 1636 mulier

74 1674 196 1739 habere
209 1673 241 1756 ²).
300 1674 532 1741 Testimonium
566 1680 674 1740 autem
708 1672 797 1761 apud
829 1673 973 1739 Graecos
1010 1693 1075 1738 uon
1107 1678 1143 1738 ut
1175 1673 1293 1739 nostris

70 1777 270 1863 temporibus
293 1778 326 1842 in
341 1776 546 1843 iureiurando
562 1777 639 1862 poni
655 1796 799 1842 neeesse.
842 1776 979 1843 Accedit
1000 1782 1036 1842 ut
1050 1776 1093 1841 sit
1113 1776 1293 1842 adversarii

75 1879 138 1945 hoo
160 1879 382 1946 iusiurandum
404 1880 585 1967 prohibere,
609 1902 681 1946 oum
703 1885 804 1946 testes
825 1880 897 1966 ipse
919 1880 1017 1946 iudex
1038 1879 1223 1964 interroget.

167 2121 186 2191 ¹)
221 2122 293 2175 Dem
320 2121 424 2191 XXIX,
454 2122 502 2192 263
533 2122 666 2192 XXXIX,
688 2123 719 2195 33
742 2124 802 2193 XL,
824 2124 873 2191 273
895 2124 954 2192 LII,
977 2123 1021 2178 27.
1062 2121 1222 2179 Sohbmann
1239 2121 1293 2181 att

72 2210 149 2264 Proo
168 2208 227 2264 688.

158 2294 185 2365 ²)
221 2296 288 2351 vide
309 2295 515 2366 suprapsset
532 2296 574 2351 21.
