3050 5025
857 313 877 376 6

766 402 967 410 ι----

350 516 444 601 Apud
467 517 609 584 Graecos
631 524 752 599 quanta
774 519 870 584 fuerit
891 472 1038 603 primitus
1060 526 1204 606 potestas
1226 521 1335 607 κυρίου
1357 520 1481 587 diiudi-

266 618 333 683 cari
365 620 488 703 nequit,
528 627 685 703 quatenus
718 622 852 703 antiqua
884 622 1068 689 testimonia
1100 623 1339 691 desiderantur:
1372 625 1407 691 in
1436 624 1482 690 iis

266 722 381 803 quibus
402 724 449 788 uti
470 723 547 789 licet
568 722 649 790 haec
671 730 841 790 occurrunt
862 726 955 791 nobis
977 727 1091 792 verba:

621 824 751 911 ἠδείνα
773 830 827 890 καί
848 825 865 892 ὃ
886 825 991 912 κύριος
1032 907 1036 913 ι

509 930 577 995 sive
619 928 641 1015 ἡ
665 931 749 995 δεῖνα
772 931 850 1017 μετὰ
870 931 924 994 τοῦ
946 932 1054 1015 κυρίου
1143 993 1146 998 Α

510 1032 578 1097 sive
620 1030 642 1117 ἡ
665 1034 749 1099 δεῖνα
771 1032 921 1118 παρόντος
944 1032 1023 1119 αὐτῇ
1045 1035 1099 1099 τοῦ
1121 1035 1238 1120 κυρίου.

265 1132 355 1210 Quae
398 1136 498 1200 verba
541 1135 649 1201 omnia
690 1136 789 1202 latius
826 1139 939 1221 patent
976 1157 1072 1219 quam
1110 1144 1146 1203 ut
1183 1139 1263 1204 certi
1301 1138 1481 1220 quicquam

263 1236 366 1320 possit
388 1238 531 1321 agnosci.
575 1240 695 1303 Verum
716 1238 845 1304 videtur
866 1238 928 1305 hoc
949 1241 1261 1324 constareaeantiquis
1275 1241 1481 1327 temporibus

262 1338 484 1404 intercedendi
512 1342 562 1406 ius
589 1347 726 1406 tutorem
748 1342 910 1426 habuisse,
939 1363 1010 1407 cum
1032 1344 1135 1409 altero
1157 1351 1190 1410 et
1215 1344 1308 1410 tertio
1330 1344 1377 1409 πί)
1405 1363 1482 1409 sae·

265 1442 346 1507 culis
373 1479 415 1490 —
447 1443 498 1508 his
532 1444 616 1509 enim
646 1443 793 1528 plerique
819 1443 984 1511 titulorum
1011 1448 1136 1512 exarati
1164 1454 1307 1513 sunt-
1335 1446 1480 1529 exiguae

264 1550 429 1627 tamquam
456 1546 612 1629 reliquiae
644 1546 767 1612 tutelae
796 1554 931 1637 exsteut,
958 1549 1005 1615 ita
1032 1555 1068 1615 ut
1095 1551 1175 1616 nihil
1202 1551 1267 1617 iam
1294 1550 1410 1616 tutoris
1433 1549 1480 1614 sit

263 1646 326 1711 nisi
358 1653 414 1713 aut
445 1649 550 1733 ipsum
578 1655 634 1715 aut
661 1669 719 1735 per
746 1649 872 1717 litteras
898 1651 981 1717 illud
1007 1655 1129 1719 Auctor
1157 1654 1215 1718 Fio
1246 1653 1362 1737 dicere,
1397 1674 1478 1735 quo-

260 1750 447 1834 tiescunque
474 1753 588 1817 mulier
614 1753 710 1819 volet.
753 1754 901 1840 Papyrus
922 1755 1052 1838 quidem
1079 1764 1128 1823 est
1148 1756 1300 1822 Antonini
1321 1756 1371 1821 Pii
1394 1762 1478 1820 tem-

262 1854 360 1938 poris,
388 1855 455 1939 {ubi
493 1855 644 1939 legimus:
682 1854 704 1940 ἡ
744 1857 829 1923 δεῖνα
872 1859 950 1944 μετὰ
983 1859 1092 1945 κυρίου
1126 1858 1162 1924 οὐ
1194 1858 1385 1945 παρόντοςί).
1436 1860 1476 1924 Ιυ

265 1959 380 2025 litteris
402 1979 529 2046 semper
551 1967 583 2026 et
605 1961 720 2026 mulier
740 1961 900 2028 nominari
921 1961 1019 2028 debet
1041 1969 1073 2028 et
1086 1963 1213 2048 kyrios:
1235 1982 1296 2028 nec
1318 1962 1402 2027 enim
1416 1970 1476 2028 aut

263 2060 315 2125 hic
349 2059 596 2129 administrandi
628 2070 684 2129 aut
712 2064 771 2131 illa
803 2084 874 2131 sese
907 2065 1073 2149 obligandi
1105 2065 1205 2132 habet
1236 2064 1473 2152 potestatem²).

263 2162 497 2230 Administrare
518 2186 585 2232 rem
607 2167 803 2233 familiarem
825 2168 962 2253 epitropi
983 2176 1041 2234 est.
1070 2169 1114 2233 At
1134 2168 1187 2234 hic
1208 2174 1294 2235 tutor
1308 2187 1476 2252 quousque

264 2272 313 2332 est
334 2268 482 2333 mulieri?
529 2268 643 2352 Neque
670 2270 764 2355 enim,
794 2271 871 2354 quin
893 2271 1021 2337 omnino
1043 2271 1094 2357 sit,
1111 2272 1280 2355 quisquam
1302 2271 1475 2338 dubitabit.

262 2370 362 2435 Uxori
390 2391 594 2455 nequaquam
622 2373 802 2459 epitropum
832 2394 904 2441 esse
926 2374 1099 2440 Caillemcr
1120 2395 1160 2440 ex
1181 2375 1269 2441 Isaei
1289 2395 1325 2440 or
1346 2373 1475 2440 Philoet

260 2474 479 2553 §14offioiu

305 2575 371 2642 οὔτ’
406 2578 665 2664 ἐπιτροπεύεσθαι
695 2581 833 2666 προςῆκε
865 2582 922 2666 τήν
952 2579 1142 2667 Καλλίππην
1178 2581 1223 2647 ἔτι
1249 2581 1474 2667 τριακοντοῢτίν

306 2703 344 2767 γε
376 2679 472 2747 οὖσαν
504 2677 575 2748 οὔτε
608 2677 774 2750 ἀνέκδοτον
807 2685 861 2748 καί
892 2683 1010 2749 ἄπαιδα
1045 2685 1131 2768 είναι,
1159 2677 1241 2747 ἀλλὰ
1268 2683 1347 2751 πάνυ
1374 2682 1473 2748 ποίλαι

303 2807 461 2852 συνοίκεον.

263 2888 343 2953 Cum
375 2887 566 2955 adulescens
598 2888 732 2956 Athenis
765 2887 986 2974 duodeviginti
1019 2911 1175 2956 annorum
1211 2890 1261 2955 sui
1297 2889 1376 2955 iuris
1404 2888 1471 2971 fiat,

266 2992 507 3078 astipulandum
529 3000 615 3058 esset
636 2992 838 3076 Oaillemero,
861 2992 888 3057 si
910 2994 1039 3078 puellae
1061 2993 1195 3060 totidem
1218 2991 1346 3059 demum
1368 3011 1469 3057 annos

262 3101 360 3161 natae
391 3096 557 3161 nuberent.
608 3094 702 3172 Quod
734 3115 928 3179 quamquam
955 3097 1038 3161 solet
1065 3095 1175 3181 licri⁸),
1209 3117 1230 3162 a
1255 3093 1471 3180 Xenophonte

264 3205 374 3264 tamen
394 3200 522 3284 puellas
544 3199 704 3264 interdum
726 3197 908 3281 quindecim
929 3198 995 3264 iam
1017 3218 1172 3264 annorum
1187 3198 1220 3263 in
1236 3197 1470 3264 matrimonium

263 3302 335 3367 dari
368 3301 561 3388 docemur⁴).
617 3301 669 3367 Sic
702 3299 772 3366 fieri
805 3301 943 3368 fortasse
974 3306 1082 3387 potest
1113 3307 1149 3365 ut
1181 3301 1346 3386 epitropos
1373 3300 1470 3365 etiam

261 3406 354 3471 uxori
387 3426 468 3491 opus
503 3405 554 3489 sit,
588 3405 650 3470 nisi
683 3403 863 3470 communio
897 3405 1052 3470 bonorum
1085 3403 1226 3470 omnium
1251 3403 1424 3469 instituitur
1435 3402 1469 3488 ι).

260 3609 460 3618 ..ψ-

350 3725 369 3795 1)
405 3726 520 3782 Notices
539 3730 568 3780 et
585 3725 703 3780 extruite
721 3725 772 3780 dea
791 3721 922 3779 manuscr
939 3723 976 3776 de
993 3722 1021 3776 la
1038 3720 1097 3778 bibl
1114 3721 1204 3791 imper
1220 3721 1325 3791 XVIII,
1342 3721 1413 3778 2No
1427 3719 1467 3775 17.

347 3816 369 3882 ²)
405 3813 547 3870 Immerito
575 3812 721 3868 Gaillemer
746 3811 884 3867 Demosth
911 3826 927 3864 c
955 3808 1034 3878 Spud
1062 3825 1096 3864 or
1122 3814 1137 3873 5
1166 3809 1182 3862 9
1209 3809 1318 3865 attulit:
1341 3806 1384 3863 cfr
1405 3808 1467 3863 Van

261 3901 316 3959 deu
341 3903 389 3967 Es,
416 3902 460 3956 De
486 3901 530 3955 iur
556 3899 634 3955 famil
659 3917 677 3969 p
697 3901 759 3954 160:
786 3899 843 3955 illic
869 3898 942 3952 enirn
964 3896 1147 3966 agnoscenda
1167 3894 1394 3966 breviloquentia
1416 3900 1467 3949 est.

259 3989 398 4058 Aristopb
421 3987 526 4044 Thesm
548 3987 625 4057 842(ss
647 4003 704 4042 uon
726 3987 832 4041 rectius
854 3985 995 4039 laudatur.
1035 3983 1095 4040 Nec
1113 3999 1129 4038 e
1147 3984 1264 4053 papyris
1282 3982 1467 4054 Aegyptiacis

259 4080 294 4134 dc
320 4078 406 4132 rebus
433 4073 652 4132 Atheniensibus
680 4075 829 4144 quicquam
856 4069 991 4127 efficitur:
1020 4069 1064 4125 cfr
1086 4069 1241 4138 caillemor,
1263 4071 1320 4126 Les
1343 4085 1465 4141 papyrus

261 4164 351 4221 Grecs
369 4182 388 4233 p
406 4165 438 4218 21
458 4169 487 4219 ct
504 4165 546 4217 22.

347 4252 368 4323 ⁹)
403 4251 553 4319 Hermann,
573 4249 632 4305 Ant
649 4249 735 4318 priv¹
750 4249 767 4317 ξ
784 4249 811 4317 4,
831 4247 871 4301 19.
890 4276 924 4286 -
942 4246 964 4316 ⁴)
983 4246 1047 4300 Xon
1066 4245 1162 4301 Oecou
1179 4245 1242 4314 VH,
1259 4247 1284 4301 5.

346 4339 367 4408 ⁶)
403 4338 518 4407 Gerber,
537 4337 605 4408 Syst
624 4337 643 4392 d
661 4336 780 4391 deutsch
798 4333 995 4390 Privatrechta
1013 4338 1028 4398 5
1045 4335 1097 4388 244
1116 4338 1187 4388 extr.
