3050 5025
656 318 695 381 13

108 538 228 619 Ἔτους
251 528 292 609 Tc
315 538 468 627 φαμενωθ
489 528 555 606 ’Κῧ
579 540 610 606 ἐν
631 538 795 604 Διοσπόλει
821 539 860 625 τῇ
889 538 1011 625 μεγάλῃ
1035 539 1091 623 τῆς
1119 536 1279 625 Θηβαίδος

108 646 160 709 ἐπὶ
186 644 343 710 Διονυσίου
378 642 574 729 ἀγορανόμου
609 644 664 707 τοῦ
695 644 767 727 περί
799 639 909 727 Θήβας
942 640 1096 707 ἐδάνεισεν
1126 640 1278 727 Ἀρσίησις

98 747 191 833 Ὥρω
223 754 284 813 τῶν
317 743 379 811 άπὸ
411 754 467 831 τῆς
499 745 693 823 Διοσπόλεως
724 744 891 832 χολχυτῶν
919 742 1122 829 Ἀσκληπιάδι
1153 746 1193 830 τῇ
1222 748 1277 809 καί

105 850 293 936 Σενιμουθίν
314 847 430 935 πατρὸς
451 848 593 927 Πανᾶτος
614 848 749 934 Περσίνγγ
778 845 857 932 μετά
883 846 990 931 κυρίου
1013 843 1201 932 Ἁρπαήσιος
1221 849 1276 912 τοῦ

104 952 266 1039 χολχύτου
298 959 358 1018 τῶν
391 950 454 1016 άπὸ
486 953 542 1036 τῆς
575 950 670 1037 αὐτῆς
702 948 897 1026 Διοσπόλεως
930 949 1139 1034 ἐνταφιαστῶν
1175 952 1275 1035 πυροῦ

106 1054 247 1142 ἀρτάβας
269 1056 367 1119 είκοσι
389 1054 444 1117 δύο
467 1052 562 1140 ἥμισυ
585 1052 731 1131 ἀτόκους.
754 1053 790 1117 τὸ
812 1053 848 1115 δέ
869 1051 990 1118 δάνειον
1017 1059 1107 1117 τοῦτο
1130 1052 1275 1119 άποδάτω

101 1174 297 1260 Ἀσκληπιάς
315 1172 469 1259 Ἁρσιήσει
492 1174 542 1237 ἐπί
563 1175 602 1259 τῇ
624 1172 736 1258 παχιόν
749 1160 789 1237 Δ
809 1178 864 1237 τοῦ
886 1170 981 1236 αὐτοῦ
1000 1161 1039 1239 s:
1057 1171 1081 1252 Ι,
1098 1173 1194 1258 πυρὸν
1208 1173 1277 1240 νέον

106 1276 253 1363 καθαρὸν
298 1276 429 1363 ἄμυλον·
454 1274 523 1342 ἀνθ’
547 1274 589 1341 ὥν
611 1278 732 1361 ἔσχηκε
754 1278 808 1339 καί
830 1273 1122 1361 άποκαταστησάτω
1137 1277 1179 1353 είς
1194 1278 1280 1343 οίκον

106 1380 185 1466 πρὸς
222 1374 314 1446 αὑτὸν
349 1388 411 1456 τοῖς
448 1378 532 1455 ἰδίοις
568 1376 765 1464 άνηλυίμασι.
803 1376 858 1444 ἐάν
890 1379 925 1443 δέ
962 1380 1005 1464 μή
1042 1378 1152 1466 ἀποδῷ
1188 1381 1279 1444 καθά

106 1500 292 1586 γέγραπται,
316 1497 509 1564 ἀποτεισάτω
531 1496 565 1562 τά
589 1497 707 1564 δάνειον
728 1496 784 1574 τάς
805 1504 865 1563 τῶν
887 1496 986 1585 άρταβ
1009 1486 1072 1564 Κ-Β
1090 1515 1118 1567 Δ
1141 1498 1277 1585 ἑκάστης

107 1602 166 1689 τὴν
203 1602 353 1688 ἐσομένην
389 1602 481 1688 ἐντῇ
515 1599 618 1687 άγορᾷ
653 1599 743 1686 τιμὴν
772 1601 969 1686 παραχρῆμα
1002 1595 1155 1688 ἡμιόλιον.
1189 1602 1210 1688 ἡ
1246 1606 1281 1669 δέ

105 1706 218 1791 πρᾶξις
245 1708 324 1770 ἔστω
348 1703 503 1790 Ἁρσινίσει
526 1704 563 1768 ἐκ
584 1704 644 1769 τῶν
662 1702 890 1788 Ἀσκληπιάδος
911 1706 966 1768 καί
986 1705 1105 1771 ἐκτῶν
1126 1703 1280 1791 ὑπαρχόν-

104 1830 167 1873 των
196 1806 274 1894 ain-4⁸]
304 1806 427 1874 πάντων
454 1805 623 1891 πράσσοντι
651 1805 801 1891 καθάπερ
824 1806 861 1892 ἐγ
894 1806 996 1892 δίκης.
1025 1808 1115 1872 τοῦτο
1144 1807 1171 1872 δ’
1200 1810 1280 1875 ἐστίν

110 1910 147 1975 τὸ
170 1910 290 1975 δάνειον
313 1908 610 1997 ὃάνωμολογνίσατο
626 1910 709 1995 έχειν
723 1908 796 1994 παρ’
813 1908 928 1975 αὐτῶν·
947 1908 1017 1976 ἀνθ’
1036 1910 1280 1996 ὥνπροιάφειλεν

110 2006 127 2077 ὃ
159 2012 435 2101 προγεγραμμένος
464 2011 542 2098 αὐτῇ
572 2013 676 2098 πατὴρ
708 2009 815 2089 Πανάς
847 2013 890 2097 τῷ
912 2013 967 2077 τοῦ
984 2010 1156 2098 Ἁρσιήσιος
1188 2019 1281 2100 πατρί

100 2114 191 2201 Ὥρῳ
218 2116 301 2180 κατά
329 2114 517 2201 συμβόλαιον
540 2114 708 2199 Αίγύπτιον
731 2112 830 2201 άρταβ
852 2103 909 2181 ῘΔ.
941 2114 1134 2202 Πτολεμαῖος
1155 2115 1173 2181 ὃ
1194 2119 1282 2203 παρά

106 2218 267 2285 Διονυσίου
289 2218 521 2306 κεχρημάτικα.

61 2323 144 2388 Cum
177 2328 270 2407 pater
308 2323 447 2388 feminae
481 2326 624 2387 mortuus
648 2320 807 2404 videatur,
840 2320 1018 2407 Harpaiisis
1050 2328 1177 2407 patrem
1205 2324 1280 2392 ideo

61 2445 127 2491 non
150 2426 309 2491 nominari
332 2426 418 2508 quod
433 2425 484 2491 bis
506 2426 664 2490 Panatem
687 2424 854 2490 nominare
875 2423 984 2489 scriba
997 2423 1145 2491 noluerit.
1174 2426 1282 2511 Negat

60 2549 160 2613 porro
182 2535 315 2615 nuptam
337 2527 567 2613 Asclepiadem
590 2547 661 2594 esse
684 2529 718 2611 (p
743 2529 807 2611 19),
841 2527 927 2611 quod
953 2527 987 2592 in
1015 2528 1129 2594 litteris
1151 2551 1282 2598 ποσιτιο-

62 2631 200 2697 tissimis
222 2631 302 2697 nihil
324 2638 526 2698 memoretur.
569 2633 613 2695 At
640 2630 792 2695 omissum
820 2630 923 2715 patris
949 2651 1076 2715 nomen,
1105 2631 1192 2715 quod
1218 2634 1280 2700 hoo

62 2734 136 2800 loeo
161 2735 280 2800 nullius
310 2735 463 2800 momenti
488 2739 549 2799 est:
585 2731 665 2797 nihil
697 2737 806 2798 autem
833 2731 970 2818 impedit
1003 2733 1080 2816 quin
1107 2734 1279 2822 Asclepias
1365 2743 1370 2750 '

60 2843 165 2921 nupta
187 2843 219 2901 et
241 2837 376 2903 maritus
398 2838 467 2902 eius
489 2835 666 2918 Harpa'e'sis
689 2826 877 2919 habeaturj
897 2835 980 2900 siout
1001 2835 1178 2902 scholiasta
1201 2835 1280 2903 dieit

60 2940 133 3004 ille:
174 2932 196 3024 ἡ
230 2941 315 3006 δεῖνα
349 2942 404 3004 καί
437 2935 454 3004 ὁ
487 2937 591 3023 κύριος
622 2930 702 3002 τοῦτ’
737 2938 817 3001 έστιν
850 2930 866 3001 ὃ
900 2934 989 3023 άνήρ.
1039 2929 1138 3003 Aliud
1171 2940 1279 3005 obstat

62 3042 250 3108 Oaillemeri
283 3045 472 3108 sententiae.
515 3043 599 3108 Nam
633 3040 661 3106 si
693 3039 794 3106 frater
826 3041 1003 3126 Harpaiisis
1036 3046 1183 3126 putatur,
1215 3063 1277 3126 quo

59 3150 160 3229 paeto
191 3143 226 3208 fit
254 3150 290 3210 ut
316 3143 486 3230 Asclepias
514 3142 617 3230 patris
646 3162 702 3208 aes
731 3143 872 3208 alienum
901 3142 1072 3208 exsolvat?
1116 3144 1186 3211 Hoo
1213 3167 1278 3220 non

60 3247 197 3330 smeret,
219 3246 283 3312 nisi
304 3248 412 3312 nullus
435 3247 465 3312 ei
486 3247 597 3331 frater,
620 3245 693 3331 ipsa
715 3250 823 3312 autem
844 3246 948 3330 patris
969 3246 1063 3312 heres
1083 3254 1178 3315 esset.
1193 3248 1214 3332 ¹)

456 3535 593 3632 Pars
625 3536 890 3660 specialis,

248 3711 285 3794 Ι.
337 3713 401 3794 De
428 3711 529 3795 inne
557 3712 675 3815 qnod
702 3712 759 3794 ad
786 3732 859 3794 res
885 3704 1105 3813 permen

110 3851 114 3859 ’
152 3864 289 3931 Omnino
311 3866 391 3931 nihil
406 3867 539 3933 dominii
561 3868 675 3933 mulier
696 3866 819 3933 habere
833 3873 941 3951 potest
962 3866 1051 3951 apud
1065 3867 1164 3933 Indos
1179 3869 1281 3934 solos:

63 3968 299 4033 Germanorum
321 3969 450 4052 quidem
472 3976 617 4036 veterum
637 3971 710 4035 iura
731 3971 764 4035 in
787 3969 895 4035 fundis
922 3971 1046 4035 malunt
1073 3971 1150 4036 viris
1184 3991 1281 4054 quam

64 4069 203 4135 feminis.
255 4071 361 4137 Causa
393 4071 520 4137 videtur
554 4073 667 4139 similis
693 4081 792 4155 atque
819 4072 878 4137 illa
905 4072 947 4137 de
980 4091 1045 4154 qua
1072 4073 1234 4156 peregrini
1261 4096 1283 4139 a

155 4241 176 4298 ¹l
211 4240 309 4297 Verba
331 4241 408 4294 τοῦτο
430 4239 450 4294 δ’
476 4247 543 4296 ἐστίν
561 4259 615 4314 sqq
638 4243 788 4298 Oaillemer
806 4243 896 4297 minus
914 4246 993 4297 reete
1011 4243 1112 4298 vertit:
1149 4243 1218 4313 „Tel
1237 4248 1282 4299 est

64 4327 91 4381 le
117 4329 184 4396 pret
210 4328 281 4383 dont
297 4327 460 4385 l'existenee
487 4347 505 4386 a
527 4333 572 4387 ete
596 4345 736 4386 reconnue
758 4331 871 4399 parles
889 4329 1023 4398 parties.“
1042 4360 1075 4370 -
1092 4331 1282 4387 vertendum:
