3050 5025
729 786 963 883 Vita.

319 1137 468 1197 Henricus
496 1138 612 1213 Mcycri
639 1138 718 1198 filius
745 1139 839 1215 Lewy
867 1139 1073 1218 Vratislaviac·
1089 1142 1178 1198 natus
1200 1157 1227 1200 a.
1252 1137 1281 1198 d.
1303 1139 1358 1196 lll.
1380 1139 1453 1197 Kal.

234 1240 299 1301 Oct.
335 1240 406 1299 anni
437 1240 685 1300 MDOOOLXIII.
711 1242 805 1301 -fidcm
837 1243 981 1319 profiteor
1012 1242 1174 1301 Iudaicam.
1225 1242 1338 1300 Bertha
1358 1245 1455 1299 mater

235 1344 359 1403 Hsnrici
390 1344 466 1403 Miro
499 1343 561 1403 filia
595 1348 650 1403 est.
701 1344 865 1422 Septimum
900 1347 1008 1406 aetatis
1041 1364 1150 1404 annum
1178 1364 1226 1404 me
1255 1348 1391 1421 agentem
1421 1345 1454 1402 in

237 1447 425 1525 gymnasium
446 1448 672 1507 Elisabetanum
694 1452 783 1525 pater
806 1449 939 1528 deduxit,
961 1450 1009 1508 cui
1025 1449 1151 1508 Carolus
1165 1447 1316 1507 liudolfus
1330 1447 1455 1507 Fickert

237 1550 424 1627 temporibus
463 1551 524 1610 illis
558 1555 698 1627 praeerat
729 1552 776 1610 vir
804 1553 953 1631 egregius,
981 1554 1065 1612 nulla
1091 1552 1200 1611 virtute
1228 1570 1288 1610 non
1318 1556 1452 1613 ornatus.

237 1654 268 1713 Is
298 1653 398 1713 dicere
428 1654 546 1713 solebat
573 1656 657 1714 velut
683 1659 827 1733 parentes
856 1657 1003 1716 carissimi
1024 1657 1162 1715 timorem
1195 1656 1254 1714 Dei
1282 1655 1453 1731 sapientiae

240 1773 309 1816 esse
340 1756 436 1815 omnis
464 1756 589 1815 initium.
647 1758 753 1818 Paullo
783 1762 893 1836 postea
920 1778 1009 1835 quam
1044 1759 1110 1819 dira
1143 1762 1239 1817 morte
1279 1776 1373 1818 senex
1401 1759 1454 1817 ab·

234 1863 338 1935 neptus
373 1862 445 1937 erat,
479 1861 616 1921 examine
643 1880 705 1920 non
739 1862 805 1922 sine
832 1862 923 1921 laude
952 1866 1093 1940 superato
1122 1864 1265 1922 Ioannem
1291 1862 1392 1921 Paech
1421 1862 1454 1920 in

234 1963 340 2038 primis
362 1966 392 2022 et
413 1963 617 2023 Hermannum
639 1965 755 2041 Zimpel
776 1967 890 2042 pictate
912 1955 1092 2042 prosecutus
1114 1966 1146 2025 in
1175 1965 1358 2026 academiam
1380 1965 1451 2023 Via-

233 2066 348 2126 drinam
382 2085 460 2126 anno
494 2068 525 2128 h.
553 2085 577 2129 s.
605 2068 741 2129 LXXXL
774 2069 873 2145 Aprili
904 2087 1009 2129 mense
1036 2069 1152 2146 transii,
1180 2073 1213 2127 ut
1241 2068 1454 2145 grammaticae

234 2169 395 2229 studerem.
439 2170 556 2230 Mature
585 2189 698 2230 summo
733 2171 880 2232 beneficio
914 2173 1043 2249 Augusti
1075 2172 1233 2231 Rossbach
1265 2152 1453 2247 professoris

232 2274 427 2333 illustrissimi
448 2277 482 2332 ut
502 2274 654 2350 reciperer
670 2275 702 2333 in
723 2276 839 2352 regium
860 2277 1082 2352 philologornm
1098 2274 1288 2335 seminarium
1311 2274 1451 2350 contigit:

233 2395 269 2437 ac
302 2377 417 2437 sodalis
451 2378 494 2437 lui
529 2382 613 2437 extra
649 2379 784 2438 ordinem
816 2398 872 2456 per
905 2398 1024 2459 annum,
1058 2379 1168 2439 deinde
1197 2379 1366 2438 ordinarius
1397 2396 1455 2453 per

233 2498 353 2542 menses
387 2497 450 2541 sex.
500 2481 566 2542 Nec
593 2499 666 2542 vcro
697 2484 794 2543 solnm
821 2484 932 2560 linguis
962 2482 1098 2544 Graecae
1127 2486 1158 2543 et
1178 2483 1305 2542 Latinae
1329 2500 1453 2559 operam

232 2586 391 2664 navabam‚
415 2584 470 2645 sed
486 2586 575 2645 etiam
590 2585 772 2665 Sansoritac,
787 2587 1062 2668 Palacobactricae‚
1075 2587 1255 2649 Hebraicae.
1278 2587 1453 2646 Berolinum

232 2691 294 2747 tum
320 2706 367 2747 mc
396 2689 509 2748 contuli
538 2689 576 2748 ad
598 2689 803 2749 Hermannum
825 2691 921 2769 Diels,
943 2691 1087 2750 Adolfum
1109 2690 1277 2769 Kirchhoff‚
1304 2691 1453 2749 Joannem

232 2791 377 2872 Schmidt,
392 2792 538 2851 loannem
545 2792 676 2853 Vahlen:
697 2797 727 2853 et
744 2812 854 2853 annum
866 2794 909 2853 ibi
922 2798 1133 2872 commoratus,
1150 2797 1184 2853 ut
1199 2793 1299 2853 studia
1314 2794 1453 2853 absolve-

175 2891 178 2899 '
234 2912 307 2974 rem,
319 2895 351 2953 in
362 2895 489 2972 patriam
501 2896 586 2955 redii.
603 2897 663 2956 Ubi
674 2898 923 2973 praeceptoribus
934 2915 1008 2957 usus
1020 2915 1085 2957 sum
1096 2896 1196 2956 hisce:
1208 2896 1336 2955 Martino
1348 2897 1454 2975 Hertz,

231 2998 357 3059 Alfredo
397 2999 597 3078 Hillebrandt‚
635 2999 798 3061 Francisoo
832 3000 1016 3079 Praetorius,
1048 3001 1187 3077 Augusto
1220 3000 1452 3079 Reifferscheid,

231 3102 368 3178 Augusto
406 3102 581 3182 Rossbach,
620 3102 732 3163 Adollo
769 3103 923 3164 Friderico
962 3105 1116 3183 Stennler,
1151 3103 1290 3164 Conrado
1325 3104 1451 3165 Zacher.

231 3204 437 3281 Philosophos
466 3208 564 3265 autern
594 3206 697 3265 audivi
722 3207 898 3267 Bennoncm
925 3207 1088 3286 Erdmann‚
1123 3208 1269 3267 Jacobum
1296 3207 1449 3267 Frenden-

230 3309 304 3386 thal,
327 3308 520 3368 Theodorum
541 3309 663 3372 Weber.
699 3311 827 3370 Etcum
850 3311 1001 3388 magistris
1016 3311 1142 3387 gratiam
1158 3311 1296 3371 omnibus
1311 3312 1451 3389 habeam,

232 3414 403 3490 complures
424 3416 523 3472 tamen
552 3432 613 3472 non
641 3431 701 3473 uno
723 3414 845 3473 nomine
868 3414 906 3473 de
929 3433 977 3473 me
1001 3414 1114 3490 optime
1136 3414 1234 3473 meriti
1257 3417 1335 3475 sunt.
1357 3414 1397 3475 A.
1421 3414 1452 3474 d.

232 3517 311 3575 XVI.
345 3517 415 3578 Kal.
448 3518 511 3576 lan.
547 3533 672 3576 examen
704 3516 891 3596 rigorosum,
923 3520 956 3575 ut
988 3516 1087 3595 aiunt,
1120 3535 1228 3594 magna
1260 3535 1326 3577 cum
1359 3516 1451 3578 lande

233 3637 385 3699 superavi.
