3050 5025
820 300 839 363 8

223 505 280 569 ille
303 502 356 569 ἐὰν
386 505 421 569 δὲ
451 505 494 592 μη)
524 507 586 591 ἔχῃ
614 506 680 589 legi
707 506 776 570 rult
784 503 818 590 ¹),
844 504 899 570 hie
920 505 963 570 ad
986 506 1135 592 ἐπιτρέψῃ
1157 506 1343 572 arohontem
1366 508 1438 572 sub-

223 607 383 692 intellegit
410 646 451 655 -
479 608 695 693 significatur,
725 608 838 691 inquit,
860 608 922 673 isto
943 610 1102 677 vocabulo
1125 609 1245 675 archon
1266 610 1299 674 in
1322 609 1439 674 marito

225 710 374 793 eligendo
397 711 524 777 mulieri
546 712 712 778 arbitrium
735 710 929 797 faeere²)-
943 712 1113 778 Thalheim
1136 714 1280 795 sequitur
1302 713 1440 777 KFHer-

224 834 376 879 mannum
408 816 454 881 ita
488 815 556 881 fere
583 814 839 896 disserentem³):
883 814 918 882 si
947 822 1083 880 nonest
1111 812 1385 901 epioleros.velut
1412 814 1440 879 si

224 917 324 983 frater
345 925 488 983 mortuus
510 918 593 983 filios
616 919 755 1003 reliquit,
778 924 844 983 tum
866 918 979 1002 kyrios
1001 918 1029 983 is
1053 918 1180 983 exsistit
1202 937 1297 1000 quem
1320 918 1437 1003 epitro-

225 1040 301 1104 pum
323 1021 496 1087 liberorum
519 1040 591 1087 esse
612 1042 671 1106 per
692 1026 919 1087 testamentum
941 1020 1053 1105 kyrios
1074 1021 1266 1086 novissimus
1281 1020 1440 1085 iussit.-

225 1123 268 1187 At
299 1122 382 1189 haee
414 1126 447 1188 in
479 1124 552 1207 lege
580 1122 818 1189 desideramus:
846 1122 931 1188 Filia
958 1124 985 1188 si
1014 1124 1172 1208 epioleros
1201 1130 1264 1207 est,
1292 1122 1440 1209 proximo

223 1225 316 1290 nubit
343 1246 476 1311 genere,
505 1227 533 1292 si
560 1227 664 1292 minus
690 1226 780 1291 velut
807 1226 836 1291 si
863 1224 972 1291 fratris
1002 1225 1062 1291 filii
1084 1232 1158 1292 sunt
1180 1226 1378 1311 superstites,
1401 1225 1442 1289 in

223 1326 358 1393 horum
392 1330 556 1396 tutelam
589 1330 779 1415 pervenit
812 1334 849 1395 et
871 1327 933 1393 his
956 1349 1029 1394 non
1059 1329 1212 1395 adultis
1238 1330 1272 1393 in
1294 1328 1363 1396 eius
1383 1328 1442 1411 qui

225 1435 274 1495 est
297 1431 470 1516 epitropos.

310 1534 463 1600 Miramur
490 1536 576 1619 quod
604 1537 786 1621 complures
814 1536 1018 1601 inveniantur
1039 1536 1133 1601 unius
1155 1535 1297 1601 mulieris
1316 1540 1443 1601 tutores

225 1637 308 1703 sieut
334 1638 451 1703 fratres
478 1638 613 1704 Athenis
641 1637 849 1723 interdum⁴):
877 1638 955 1703 item
983 1638 1125 1724 pupillus
1153 1638 1370 1722 compluribus
1392 1638 1444 1702 uti

224 1745 331 1824 potest
358 1741 515 1806 tutoribus
523 1741 556 1824 1).
608 1742 729 1807 Romae
758 1740 845 1807 idem
872 1740 966 1806 nobis
996 1740 1144 1806 ooeurrit.
1193 1738 1281 1816 Quid
1308 1745 1374 1804 tum
1398 1739 1444 1805 de

225 1843 418 1908 auctoritate
450 1843 683 1910 iudicandum?
731 1845 844 1910 Utrum
873 1843 968 1908 unius
990 1842 1108 1910 suffieit
1130 1864 1172 1909 an
1194 1842 1336 1908 omnium
1357 1862 1443 1927 opus

225 1946 298 2011 est?
326 1945 405 2012 Utnt
427 1945 467 2013 de
490 1948 614 2033 pupillo
635 1967 687 2013 res
710 1968 745 2013 se
767 1947 876 2029 habet,
899 1946 1025 2011 mulieri
1046 1945 1173 2012 videtur
1194 1946 1289 2011 unius
1303 1945 1443 2012 auetori-

225 2055 277 2114 tas
300 2048 427 2133 requiri,
450 2056 485 2114 ut
507 2051 670 2134 negotium
699 2051 741 2116 ab
764 2050 893 2115 homine
915 2049 965 2115 sui
986 2049 1065 2115 iuris
1088 2047 1305 2115 contrahatur.
1349 2048 1443 2114 Gete-

224 2172 294 2216 rum
327 2151 464 2218 fortasse
497 2151 557 2218 hoo
590 2174 654 2219 non
686 2160 736 2219 est
768 2153 830 2219 nisi
862 2151 1076 2237 posteriorum
1103 2158 1293 2237 tempomm,
1322 2150 1442 2233 quibus

227 2256 403 2337 cogebatur
425 2255 542 2321 saltem
564 2276 652 2323 more
674 2262 760 2322 tutor
782 2275 909 2341 semper
930 2256 1135 2340 interponere
1156 2255 1391 2320 auctoritatem.

310 2356 455 2424 Mulieris
482 2364 603 2444 nuptae
632 2359 766 2425 maritus
794 2359 906 2444 kyrios
928 2356 1018 2442 estl),
1041 2356 1138 2423 etiam
1160 2357 1189 2423 si
1211 2363 1260 2423 est
1282 2357 1443 2443 epioleros

227 2458 404 2543 eademque
431 2459 490 2526 lilii
517 2460 621 2528 adulti
647 2468 751 2529 mater
763 2463 796 2546 1).
840 2462 978 2528 Dareste
1005 2460 1053 2526 ita
1075 2459 1168 2527 dieit:
1213 2460 1280 2545 „Le
1301 2460 1443 2546 premier

226 2563 303 2629 effet
336 2562 378 2628 du
407 2564 551 2649 mariage
579 2565 659 2630 etait
687 2564 728 2630 de
756 2571 931 2631 soumettre
957 2564 992 2628 la
1025 2564 1141 2630 femme
1168 2568 1190 2628 a
1216 2563 1376 2630 l’autoritd
1398 2563 1443 2629 de

226 2687 284 2732 son
307 2669 403 2752 mari,
426 2668 508 2734 mais
530 2674 614 2733 oette
638 2668 776 2733 autorite
798 2669 877 2733 n'est
897 2687 959 2754 pas
981 2672 1003 2732 a
1024 2673 1231 2753 proprement
1251 2668 1362 2752 parler
1376 2687 1441 2732 une

224 2771 396 2856 puissanoe
419 2776 450 2835 et
472 2790 513 2835 ne
534 2771 710 2837 ressemble
731 2770 908 2836 nullement
930 2775 951 2835 a
970 2771 1005 2837 la
1015 2771 1130 2836 Manus
1145 2769 1188 2835 du
1205 2769 1290 2836 droit
1305 2771 1441 2836 romain.

227 2872 313 2938 O’est
336 2893 400 2938 une
428 2873 654 2956 magistrature
683 2881 731 2958 et,
759 2894 882 2939 eomme
910 2872 958 2938 dit
985 2873 1136 2957 Aristote,
1163 2893 1208 2938 un
1228 2873 1364 2959 pouvoir
1385 2873 1442 2955 qui

227 2998 247 3042 a
280 2997 323 3041 un
355 2981 520 3042 earaotere
553 2977 718 3063 polilique.
773 2978 819 3042 Le
852 2977 934 3043 mari
966 2976 1097 3042 devient
1128 2977 1160 3042 le
1191 2974 1296 3061 κύριος
1328 2976 1369 3042 do
1403 2996 1442 3041 sa

227 3080 353 3163 femme,
375 3099 474 3165 pareo
496 3099 559 3163 que
580 3086 668 3146 toute
689 3081 807 3146 femme
829 3079 898 3146 doit
919 3080 1010 3147 avoir
1031 3101 1075 3146 uu
1096 3078 1201 3165 κύριος
1223 3086 1341 3163 etque,
1356 3079 1443 3145 dans

228 3183 260 3249 le
283 3182 437 3268 mariage,
461 3203 498 3249 oe
520 3181 605 3249 droit
626 3204 667 3249 ne
689 3194 767 3269 peut
788 3183 977 3270 appartenir
998 3184 1048 3265 qu’
1071 3205 1113 3249 au
1135 3182 1280 3268 marim).
1294 3220 1337 3232 -
1351 3183 1442 3249 Uxor

312 3435 332 3502 ¹)
368 3436 412 3491 De
431 3432 518 3489 Solon
534 3433 582 3503 leg
598 3434 641 3487 97.

309 3522 333 3592 1)
369 3523 441 3577 Mem
460 3537 509 3576 sur
525 3521 554 3575 la
572 3519 717 3576 condition
729 3519 764 3573 de
776 3519 805 3572 la
817 3517 919 3573 femme
932 3519 1003 3573 dans
1017 3519 1044 3572 le
1057 3519 1133 3573 droit
1145 3519 1210 3573 oiril
1219 3520 1271 3574 des
1283 3519 1441 3575 Atheniens

225 3610 305 3678 (th
323 3609 367 3664 lus
385 3608 449 3664 ala
467 3607 616 3663 Serbonna
638 3605 725 3676 1865).

312 3697 332 3765 1)
368 3695 448 3750 Juris
466 3694 614 3750 domestici
632 3697 679 3748 ete
697 3693 871 3762 comparatio
891 3709 910 3761 p
930 3692 970 3746 10.

310 3783 334 3852 ⁴)
369 3780 508 3836 Demosth
527 3781 587 3850 XL,
606 3782 637 3835 7:
673 3781 751 3834 πάλιν
770 3780 901 3832 ἐκδόντων
919 3775 1001 3848 αὐτὴν
1022 3782 1074 3833 τῶν
1092 3775 1214 3846 ἀδελφῶν
1231 3781 1375 3843 Μενεξένου
1392 3785 1442 3833 καῖ

226 3870 378 3924 Βαθύλλου.
398 3899 431 3912 -
449 3870 514 3924 Isao
536 3869 571 3937 Π,
593 3869 623 3922 3:
658 3867 726 3936 ἦμεν
748 3871 779 3920 δὲ
798 3860 868 3934 αὐτῷ
885 3870 978 3930 παῖδες
994 3871 1119 3935 τέτταρες
1135 3864 1220 3935 ἡμεῖς,
1238 3865 1285 3919 δύο
1303 3870 1350 3934 μὲν
1367 3872 1440 3934 υἱεῖς,

227 3958 274 4011 δύο
299 3961 329 4010 ot
353 3960 514 4025 θυγατέρες.
537 3955 742 4024 τελευτήσαντος
764 3958 795 4007 δὲ
818 3957 866 4009 τοῦ
888 3955 989 4021 πατρὸς
1010 3958 1150 4021 ἐκδίδυμεν
1171 3952 1247 4022 ἡμεῖς
1264 3953 1312 4022 τήν
1329 3958 1440 4022 πρεσβυ-

227 4049 306 4112 τέραν
324 4040 444 4112 ἀδελφήν
460 4046 512 4096 κτλ
529 4049 627 4110 προῖκα
646 4041 779 4106 ἐπιδόντες
797 4046 880 4095 εἰκοσι
898 4044 972 4108 μνᾶς.

312 4132 334 4201 1)
369 4129 413 4185 eir
430 4129 538 4198 Antiqu
556 4127 653 4182 forans
671 4145 690 4197 p
712 4129 743 4182 12
761 4128 851 4184 adnot
868 4128 893 4182 3.

311 4218 333 4282 1)
370 4215 414 4271 efr
432 4215 516 4271 Sohol
539 4216 576 4270 ad
593 4214 731 4285 Aristoph
751 4216 813 4283 Equ
831 4216 890 4284 969,
910 4215 1032 4270 Eustath
1050 4216 1088 4271 ad
1106 4215 1179 4270 Iliad
1196 4215 1274 4284 XIX,
1291 4215 1352 4270 291.

308 4305 331 4372 ⁷)
366 4303 473 4371 Antiqn
492 4300 589 4356 forem
602 4318 620 4370 p
635 4303 668 4356 10
680 4302 769 4358 adnot
780 4304 805 4356 2.
820 4333 852 4342 -
882 4305 903 4372 1)
921 4303 1042 4358 Journal
1054 4303 1106 4358 des
1119 4302 1244 4358 savants
1257 4303 1333 4372 1874,
1345 4319 1365 4372 p
1378 4303 1438 4356 621.
