3050 5025
639 314 680 380 65

46 523 226 608 propinqui
240 523 343 609 patris
358 522 622 590 administrarent
634 520 666 603 ¹).
710 518 849 587 Excludi
864 539 995 605 prorsus
1012 520 1145 603 stirpem
1159 518 1272 584 matris

44 625 141 692 haud
162 632 250 694 recte
284 626 408 711 colligit
440 646 482 692 ex
510 646 548 691 eo
570 625 643 692 loco
665 625 786 691 Jannet
806 625 841 708 (p
863 625 934 710 86),
969 644 1041 689 cum
1063 623 1124 689 hcc
1146 626 1271 689 tantum

42 730 153 813 patris
175 729 309 815 stirpem
330 728 524 795 antecedere
546 732 680 795 constet.

40 832 168 899 Pittaci
196 832 250 897 lex
277 832 397 899 Lesbia
423 832 524 916 estu:
552 831 703 918 νέμεσθαι
730 830 852 916 πατέρα
880 831 936 895 καὶ
963 828 1166 916 μητέρατὴν
1191 832 1270 916 ἴσην.

134 935 162 999 E
185 936 278 1001 titulo
306 934 422 1002 Iudaei
445 933 782 1021 Panticapaeensis³):

94 1030 210 1125 ἀφίημι
231 1036 302 1116 τοὺς
324 1036 416 1124 ἐμοὺς
438 1036 567 1117 δούλους
588 1038 656 1103 ατλ·
681 1038 760 1103 ἔστω
776 1038 812 1101 δὲ
827 1034 930 1114 αὐτοῖς
951 1034 974 1121 ἡ
996 1035 1163 1124 παραμονή
1180 1036 1273 1123 μέχρι

92 1148 151 1227 τῆς
172 1142 256 1227 ζωῆς
277 1136 366 1228 ἡμῶν
387 1135 464 1228 παρ’
496 1144 564 1229 ἐμοὶ
584 1144 698 1229 culed
722 1141 989 1229 συνευαρεστουσῃ
1013 1143 1106 1229 μητρί
1128 1164 1207 1229 μου·
1221 1163 1229 1178 ·
1243 1161 1273 1208 ·.

96 1243 177 1309 ιτοίδι
209 1248 265 1309 καὶ
295 1244 397 1313 πάντα
429 1239 471 1323 ὥς
498 1244 520 1331 ἡ
550 1244 654 1333 μήτηρ
682 1267 742 1331 μου
776 1245 912 1325 διέταξεν
944 1244 1186 1332 τελευτήσαντος
1213 1267 1273 1333 μου

94 1346 276 1433 ποιήσουσιν
296 1346 418 1432 πάντες,

50 1452 166 1517 nescio
189 1471 231 1517 an
264 1451 376 1518 matris
408 1450 573 1518 hereditas
600 1451 768 1517 efficiatur.
823 1451 943 1516 Verum
974 1472 1014 1517 ex
1047 1451 1117 1516 iure
1138 1450 1273 1519 Iudaico

51 1559 160 1619 mater
181 1555 292 1638 utique
308 1553 489 1621 excluditur
500 1556 539 1638 ⁴):
562 1574 663 1638 quare
686 1554 729 1620 ad
744 1553 886 1621 Iudaeos
901 1555 974 1620 illes
989 1554 1151 1639 pertinere
1165 1555 1275 1620 Panti-

51 1656 285 1742 capaeensium
318 1658 369 1722 ius
402 1657 544 1742 videtur,
578 1659 640 1723 nisi
673 1659 755 1723 terte
788 1659 899 1743 legata
932 1678 1161 1743 agnoscende,
1191 1678 1275 1741 quae

49 1759 236 1827 hominibus
268 1758 451 1827 hereditate
483 1760 628 1844 legitima
661 1761 847 1828 carentibus
884 1764 983 1828 etiam
1016 1761 1104 1847 apud
1134 1760 1276 1828 Iudaees

48 1862 217 1930 ascribere
239 1862 325 1929 licet.

277 2038 311 2110 3.
357 2034 471 2110 Num
497 2036 661 2110 marito
688 2062 808 2110 uxor
834 2036 964 2111 heres
991 2035 1063 2110 sit.

140 2172 276 2239 Athenis
297 2193 378 2238 uxor
399 2173 432 2238 in
455 2173 669 2240 hereditatem
695 2196 761 2241 nen
788 2179 933 2259 vocatur,
963 2174 1053 2240 cuius
1081 2174 1178 2239 rebus
1201 2172 1276 2239 dote

51 2277 121 2343 iam
142 2283 349 2363 prospectum
372 2277 424 2342 sit.
472 2278 594 2343 Romae
623 2297 703 2342 uxor
731 2298 816 2360 quae
843 2278 877 2342 in
904 2297 1002 2343 manu
1029 2276 1148 2343 dicitnr
1170 2276 1278 2343 mariti

54 2400 130 2447 cum
144 2398 276 2465 prorsus
291 2380 378 2445 filiae
393 2379 466 2447 loeo
481 2380 651 2464 habeatur,
674 2401 739 2445 una
763 2401 834 2446 cum
856 2380 968 2447 liberis
982 2401 1047 2445 non
1063 2380 1277 2464 emancipatis

52 2483 151 2549 heres
174 2489 232 2549 est.
276 2481 373 2568 Apud
402 2482 581 2550 Germanos
610 2503 681 2549 cum
711 2504 732 2550 a
760 2490 854 2569 patre
882 2483 991 2551 dotem
1024 2483 1148 2549 nullam
1175 2489 1277 2569 nupta

54 2586 208 2672 accipiat,
241 2586 405 2652 hereditas
438 2587 600 2670 quaedam
621 2585 740 2652 viduae
762 2586 916 2672 obtingit,
950 2607 1035 2669 quae
1068 2593 1176 2652 tamen
1205 2593 1279 2671 post

55 2690 126 2755 eius
148 2694 284 2755 mertem
305 2689 348 2756 ad
370 2691 568 2776 propinquos
589 2690 698 2756 mariti
721 2690 850 2756 redeat:
873 2689 953 2754 nihil
974 2689 1073 2772 igitur
1087 2688 1206 2754 viduae
1229 2695 1279 2754 est

54 2792 119 2857 nisi
141 2811 219 2858 usus
242 2798 274 2858 et
296 2792 419 2859 fructus
442 2794 489 2859 rei
510 2813 569 2878 per
591 2793 794 2877 aliquantum
816 2791 971 2877 temporis
984 2791 1016 2873 ⁵).
1061 2790 1158 2878 Apud
1179 2791 1278 2856 Indos

56 2894 190 2961 viduam
229 2895 377 2979 primitus
416 2895 504 2962 alere
544 2895 766 2962 tantummodo
800 2894 937 2978 legitimi
968 2899 1109 2979 tutores,
1143 2914 1278 2978 quorum

56 2998 219 3063 collocare
242 3004 301 3082 est,
324 3017 384 3062 sua
405 2998 544 3082 pecunia
573 2997 751 3064 debebant:
785 2997 944 3083 paulatim
971 3017 1048 3063 vero
1076 2996 1175 3062 vidua
1204 2996 1279 3062 filiis

57 3120 172 3166 carens
205 3099 238 3164 in
270 3100 485 3166 hereditatem
516 3108 618 3168 totam
650 3103 846 3185 vocabatur,
883 3121 955 3165 cum
982 3101 1111 3166 omnino
1140 3101 1280 3166 feminae

57 3202 318 3269 excluderentur.
362 3201 565 3286 Quamquam
601 3209 679 3270 item
712 3209 904 3271 testamento
933 3202 1031 3268 debet
1052 3203 1160 3269 mariti
1182 3205 1279 3270 colla·

57 3306 215 3373 teralibus
237 3327 306 3371 rem
328 3305 518 3372 familiarem
542 3306 689 3372 reddere.

147 3408 295 3494 Erythris
307 3409 340 3474 in
355 3411 435 3475 urbe
446 3410 558 3476 Ionica
568 3411 674 3494 legem
692 3409 863 3475 Thalheim
875 3407 1017 3493 sautu)
1036 3409 1078 3476 ab
1089 3410 1280 3477 Atheniensi

58 3511 272 3596 differentem,
295 3532 360 3594 qua
382 3511 483 3578 vidua
506 3514 620 3579 marito
649 3513 743 3579 heres
771 3514 869 3579 etiam
897 3512 981 3579 filios
1008 3514 1192 3581 antecedat.
1236 3516 1280 3580 At

59 3635 133 3682 cum
153 3616 236 3680 haec
258 3615 291 3680 in
313 3615 369 3682 illo
391 3616 484 3682 titulc
506 3617 671 3700 legantur:

152 3822 172 3891 ¹)
209 3826 234 3874 ol
252 3821 368 3889 μὲνγὰρ
388 3816 441 3873 ἀπὸ
461 3821 561 3889 μητρὸς
579 3827 711 3888 συγγενεῖς
730 3817 761 3872 ου
779 3795 959 3889 προξήκοντες
976 3823 1009 3888 τῇ
1027 3823 1201 3889 κληρονομίᾳ.

148 3909 170 3978 ²)
207 3907 316 3977 Theon,
334 3909 478 3978 Progymn
497 3923 513 3962 c
535 3909 564 3960 13
582 3912 598 3971 ξ
615 3907 640 3961 8.

149 3996 171 4065 ³)
207 3994 414 4065 011121143.

149 4082 173 4148 ⁴)
208 4082 402 4151 hlaimonides,
419 4079 544 4136 Mischne
563 4079 687 4151 Thorah,
705 4081 750 4135 De
769 4081 862 4136 servis
881 4079 930 4149 VI,
948 4082 973 4133 4.

149 4169 169 4239 ⁵)
205 4169 325 4225 Laband
343 4170 352 4224 1
371 4169 388 4224 1.

150 4257 171 4325 ⁶)
207 4256 316 4327 Antiqu
345 4255 392 4310 for
421 4273 440 4324 p
474 4257 505 4310 10
535 4256 640 4324 adn0t3
670 4253 873 4322 Dittenberger
904 4251 963 4321 Syll
992 4251 1044 4305 370
1072 4269 1093 4305 v
1122 4254 1185 4323 ¹503
1213 4251 1279 4306 vide

62 4358 150 4411 supra
168 4359 187 4411 p
208 4346 249 4398 ll.

1113 4444 1129 4492 5
