3050 5025
751 305 953 408 „Et-.-

244 517 438 581 feminarum
461 534 588 600 semper
603 514 737 579 marium
753 513 925 599 progenies
940 514 1148 597 antecedit¹).
1170 515 1284 580 Matris
1298 514 1466 580 hereditas

245 620 310 685 iam
324 619 412 704 apud
424 626 550 684 veteres
562 624 784 684 controversa:
805 616 916 683 Theon
930 618 1058 700 quidem
1071 618 1094 699 ²)
1106 617 1198 683 dicit:
1215 612 1466 705 ἀμφισβητήσειε

243 719 303 807 γοὶρ
327 720 363 786 ἂν
391 724 446 787 καὶ
466 715 488 807 ἡ
512 719 625 807 μήτηρ,
659 713 700 797 ὡς
728 720 755 784 εἰ
787 717 858 797 τούς
890 721 967 806 πρὸς
1000 717 1115 807 μητρὸς
1143 718 1235 807 νόμος
1256 721 1467 807 κληρονομεῖν

243 823 343 907 καλεῖ,
375 824 456 889 πολὺ
484 821 633 908 πρότερον
662 820 757 908 αὐτὴν
785 820 841 907 τήν
874 823 994 909 μητέρα
1016 823 1141 908 καλοίη.
1185 824 1235 888 Ex
1257 824 1334 889 viris
1356 823 1465 889 doctis

244 928 356 995 horum
372 934 551 1013 temporum
567 928 748 1011 quicunque
764 934 899 993 matrem
915 927 1023 992 vocari
1039 928 1072 992 in
1088 926 1301 993 hereditatem
1318 932 1463 1011 censent,

244 1032 383 1098 maxime
404 1032 427 1097 ii
449 1031 586 1098 laudant
607 1030 693 1097 lsaei
716 1036 787 1095 orat
808 1030 858 1094 XI
879 1034 899 1111 ξ
922 1031 974 1115 30,
996 1030 1051 1096 ubi
1079 1034 1153 1115 post
1180 1030 1296 1095 fratres
1318 1030 1465 1096 uterinos

243 1141 346 1200 mater
375 1135 559 1219 appellatur
571 1132 604 1216 ³).
658 1133 844 1199 Darestium
876 1152 1003 1217 sequor,
1037 1133 1089 1199 cui
1121 1131 1284 1198 hereditas
1317 1132 1465 1217 parentis

243 1256 424 1323 repugnare
456 1236 604 1322 primitus
636 1235 764 1301 videtur
796 1234 986 1303 hereditatis
1025 1235 1176 1321 propriae
1216 1236 1354 1315 notioni,
1388 1255 1464 1301 cum

242 1341 433 1426 praesertim
456 1341 553 1406 etiam
576 1340 672 1405 matri
688 1338 776 1405 'dote
804 1340 847 1405 sit
872 1346 1088 1425 prospectum.
1139 1338 1311 1407 Oratorum
1333 1338 1465 1405 demum

242 1444 440 1528 temporibus
468 1444 574 1528 ipsam
607 1448 742 1507 matrem
772 1443 950 1509 existimari
978 1462 1042 1507 non
1065 1441 1312 1527 excludendam,
1342 1442 1465 1528 quippe

244 1547 334 1614 ouius
362 1547 533 1632 progenies
566 1544 608 1612 ad
645 1543 857 1612 hereditatem
889 1546 1008 1612 veniat.
1057 1547 1210 1610 Attamen
1238 1565 1299 1612 nec
1325 1552 1464 1610 matrem

242 1669 346 1733 neque
368 1656 501 1735 patrem
534 1649 644 1716 vocari
676 1649 739 1715 nisi
772 1656 846 1734 post
878 1647 1065 1734 progeniem
1097 1668 1189 1713 suam
1218 1654 1250 1714 et
1275 1648 1402 1714 virilem
1432 1656 1466 1714 et

244 1754 417 1819 femineam
439 1753 517 1818 mihi
539 1754 607 1817 veri
622 1751 727 1817 simile
739 1752 773 1834 ⁴).
810 1753 890 1819 Oum
912 1750 1101 1817 tantundem
1122 1772 1188 1817 una
1203 1771 1293 1818 soror
1307 1757 1465 1833 qnantum

247 1855 420 1922 defunctae
457 1856 590 1921 alterius
627 1854 712 1921 filius
754 1855 896 1941 accipiat
907 1855 945 1938 ⁵),
982 1859 1015 1919 et
1056 1854 1184 1920 Bunsen
1222 1873 1393 1940 perperam
1431 1861 1466 1919 et

245 1958 437 2043 Desjardins
458 1958 559 2023 filium
583 1963 615 2024 et
636 1964 772 2023 matrem
795 1978 886 2023 suam
909 1958 1123 2043 superstitem,
1145 1958 1173 2023 si
1196 1954 1359 2023 hereditas
1387 1957 1466 2023 huic

245 2084 267 2129 a
290 2062 534 2129 collateralibus
556 2061 713 2145 obtingat,
735 2060 807 2146 pari
829 2061 899 2126 iure
921 2080 993 2127 esse
1015 2064 1156 2126 censent.
1185 2101 1226 2111 -
1254 2060 1290 2125 Si
1311 2059 1366 2143 qui
1389 2080 1465 2125 eum

246 2165 397 2231 defuncto
421 2166 478 2230 alii
500 2185 558 2250 per
581 2164 650 2230 eius
672 2171 810 2249 patrem,
839 2163 895 2228 alii
918 2183 976 2249 per
998 2168 1132 2228 matrem
1162 2162 1345 2245 cohaerent,
1372 2162 1422 2227 illi
1445 2183 1465 2228 e

242 2269 315 2352 lege
337 2268 447 2334 Attica
474 2286 585 2335 omnes
617 2265 814 2333 antecedunt
846 2284 947 2349 usque
974 2264 1018 2331 ad
1046 2264 1309 2331 consobrinorum
1330 2264 1464 2350 lilios⁶),

245 2378 313 2437 tum
335 2391 436 2455 usque
469 2371 512 2437 ad
546 2369 684 2435 eundem
711 2369 849 2453 gradum
877 2368 911 2433 hi
938 2367 1159 2451 sequuntur⁷).
1202 2368 1301 2433 Recte
1322 2368 1465 2433 Dareste

244 2475 398 2542 discernit
420 2469 600 2560 ἀγχιστείαν
622 2480 654 2540 et
668 2474 885 2538 Romanorum
900 2470 1117 2556 agnationem,
1140 2490 1212 2537 cum
1226 2470 1308 2538 haec
1321 2470 1464 2557 patriam

243 2585 437 2666 potestatem
460 2585 633 2645 consecuta
654 2575 741 2641 virili
763 2577 867 2641 solum
895 2575 996 2660 stirpe
1026 2579 1160 2641 constet.
1210 2574 1306 2642 Velut
1327 2572 1464 2639 Athenis

241 2683 328 2749 iilius
350 2681 479 2766 sororis,
502 2681 557 2764 qui
578 2685 735 2764 cognatus
758 2680 880 2744 Romae
903 2677 1030 2763 dicitur,
1058 2678 1152 2744 heres
1171 2683 1246 2744 ante
1273 2676 1331 2742 filii
1358 2677 1463 2741 filium

245 2792 400 2871 agnatum
418 2790 476 2852 est.

329 2923 449 3006 Legem
472 2920 661 2989 Charondae
684 2924 767 2985 teste
779 2918 922 2984 Diodoro
938 2918 1025 3003 (ΧΠ,
1042 2918 1094 3000 15)
1115 2919 1254 3003 scripsit,
1276 2924 1311 2983 ut
1325 2918 1462 2985 tutelam

242 3027 438 3114 pupillorum
471 3023 642 3111 propinqui
674 3022 786 3089 matris
814 3028 979 3106 gererent:
1012 3041 1102 3105 quos,
1133 3041 1206 3087 oum
1232 3041 1296 3087 non
1318 3020 1350 3086 in
1372 3021 1462 3087 here-

243 3131 378 3198 ditatem
401 3134 603 3212 vocarentur,
627 3126 815 3210 diligentius
837 3125 904 3192 illis
919 3143 992 3191 esse
1014 3128 1256 3209 prospecturos3
1277 3144 1330 3190 res
1352 3132 1461 3191 autem

245 3323 448 3333 -.-.--

332 3457 353 3526 1)
388 3455 453 3511 Isae
474 3453 537 3522 VH,
560 3453 607 3507 20:
630 3459 737 3520 κρατεῖν
760 3456 791 3505 δὲ
813 3452 875 3516 τούς
901 3450 1016 3519 ἄρρενας
1032 3449 1158 3513 καὶτοὺς
1177 3449 1276 3503 ἐκτῶν
1294 3445 1419 3521 ἀρρένων,
1438 3454 1463 3504 οἳ

245 3545 279 3598 οἷν
297 3547 330 3598 ἐκ
347 3544 398 3596 τῶν
417 3537 503 3594 αὐτῶν
521 3539 576 3609 nior,
594 3539 646 3591 κᾶν
664 3543 733 3606 γένει
751 3533 881 3606 ἀπωτέρω
899 3537 1060 3606 τυγχάνωσιν
1077 3535 1159 3600 ὄντες.

331 3631 354 3699 ²)
390 3630 534 3699 Progymn
552 3643 568 3681 o
589 3626 620 3680 13
639 3630 654 3691 ξ
675 3626 715 3680 10.

332 3718 353 3786 ³)
388 3716 495 3786 Mayer,
523 3712 616 3768 Recht
641 3713 659 3768 d
684 3712 812 3768 Athener
833 3712 862 3766 Π
883 3716 898 3776 t
921 3710 973 3764 257
991 3727 1009 3779 p
1027 3709 1093 3781 4673
1111 3710 1234 3779 Bunsen,
1251 3710 1295 3764 De
1312 3710 1357 3765 iur
1373 3710 1460 3767 hered

243 3806 302 3862 Ath
328 3822 347 3875 p
375 3803 422 3873 393
449 3818 507 3858 van
530 3800 677 3870 Stegeren,
701 3801 745 3855 De
769 3799 871 3856 condic
899 3798 946 3852 civ
964 3796 1021 3852 fem
1039 3796 1133 3866 Athp
1156 3798 1219 3867 1133
1239 3795 1399 3868 Schneider,
1416 3799 1460 3853 De

244 3895 289 3948 iur
307 3891 394 3946 hered
411 3888 470 3944 Ath
488 3905 506 3958 p
533 3888 581 3959 233
606 3887 692 3957 Gens,
710 3889 771 3942 Das
794 3884 935 3941 Erhreeht
952 3885 978 3954 I,
996 3884 1060 3956 3723
1079 3885 1210 3954 Dareste,
1228 3884 1320 3938 Journ
1338 3885 1389 3940 des
1407 3901 1460 3940 sav

255 3979 318 4035 1874
336 3995 355 4048 p
373 3977 433 4032 623.

334 4067 358 4136 ⁴)
394 4065 502 4134 Antiqu
520 4063 567 4118 for
584 4080 603 4133 p
621 4063 663 4116 60.

336 4153 356 4222 ⁵)
392 4153 456 4207 lsae
474 4150 537 4219 VII,
558 4149 589 4204 18
607 4153 636 4204 et
656 4148 695 4201 19.

336 4241 357 4309 ⁶)
394 4242 470 4306 μέχρι
489 4237 600 4303 ἀνεψιῶν
617 4238 730 4288 aethora:
749 4234 821 4287 Dem
839 4232 1006 4303 XLII1‚27;
1025 4233 1087 4288 Isae
1106 4232 1154 4301 XI,
1173 4232 1198 4287 9.

334 4329 356 4398 ο)
391 4327 463 4381 Dem
481 4323 580 4393 XLIII,
599 4323 650 4392 513
674 4322 737 4376 isac
755 4320 805 4390 XI,
826 4322 869 4389 ll;
888 4318 950 4388 VH,
969 4320 1010 4372 22.
